2750 3450
352 597 380 645 12
633 560 753 653 unni.
813 624 847 646 n

350 717 402 768 Sed
413 723 450 779 tu,
461 734 495 769 ne
504 720 588 770 toties
600 721 705 772 domini
714 722 821 788 patiare
831 721 938 785 lituras,

386 807 452 843 neve
462 799 538 843 notet
547 794 622 845 lusus
632 796 720 846 tristis
731 796 834 848 arundo
844 802 918 856 tuos3

349 865 493 930 aetherias,
504 867 614 932 lascive,
625 871 702 935 cupis
711 871 826 921 volitare
837 885 991 937 perantes:

385 942 404 1005 i,
414 940 490 1008 fuge3
510 943 558 993 sed
568 949 678 1008 poteras
688 945 775 995 tutior
784 960 843 995 esse
853 944 936 995 domi.

613 1069 633 1108 5.
657 1064 696 1107 Aa
714 1064 867 1107 Caesarem.

349 1155 503 1224 Contigeris
514 1163 632 1219 nostros,
644 1158 754 1220 Caesar,
765 1159 790 1208 si
799 1156 870 1208 forte
879 1157 999 1220 libellos,

385 1240 516 1281 terrarum
527 1232 664 1282 dominum
676 1247 746 1297 pone
756 1231 938 1296 supercilium.

349 1303 518 1356 Consuevere
528 1306 606 1356 iocos
616 1307 698 1356 vestri
710 1320 817 1371 qnoque
826 1303 896 1354 ferre
904 1303 1036 1372 triumphi
1045 1323 1052 1369 3

385 1381 524 1429 materiam
536 1379 617 1429 dictis
626 1394 676 1429 nec
685 1379 770 1444 pudet
779 1394 839 1429 esse
848 1379 951 1430 duceur.

354 1452 414 1513 Qua
422 1451 559 1519 thymelen
572 1461 679 1518 spectas
691 1453 893 1519 derisoremque
902 1453 1042 1518 Latinum,

384 1529 433 1577 illa
442 1527 530 1577 fronte
541 1542 636 1592 precor
647 1529 768 1578 carmina
776 1534 871 1578 nostra
880 1529 965 1595 legas.

347 1601 482 1652 innocuos
492 1616 605 1652 censura
615 1609 706 1667 potest
715 1603 869 1667 permittere
882 1603 970 1653 lusus:

382 1677 486 1727 lasciva
495 1683 536 1727 est
545 1675 625 1727 nobis
636 1678 745 1743 pagina,
756 1678 812 1728 vita
824 1679 911 1745 proba
921 1684 970 1729 est.

627 1800 647 1840 d.
672 1798 855 1841 nouercam.

346 1891 390 1941 Do
400 1890 452 1941 tibi
461 1888 660 1954 naumachiam,
670 1900 699 1943 tu
710 1893 759 1943 das
770 1895 965 1961 epigrammata
974 1893 1070 1943 nobis:

384 1966 434 2028 vis,
445 1972 520 2032 puto,
532 1982 590 2017 cum
602 1968 682 2028 libro,
693 1967 795 2029 Marce,
806 1976 900 2020 natare
909 1975 966 2018 tuo.

571 2092 591 2131 t.
616 2090 656 2132 De
671 2088 753 2132 leons
768 2090 908 2132 Caesaris.

346 2177 487 2230 Aetherias
499 2182 592 2247 aquila
602 2197 714 2248 puerum
726 2189 851 2248 portante
861 2195 910 2248 per
919 2174 1008 2243 auras,

382 2255 506 2305 illaesum
516 2256 621 2306 timidis
633 2257 767 2323 unguibus
780 2254 869 2305 haesit
880 2271 959 2306 onus:

345 2343 416 2378 nunc
426 2344 474 2379 sua
487 2328 637 2380 Caesareos
647 2336 745 2381 exorat
755 2330 856 2394 praeda
867 2331 970 2391 leones,

382 2408 456 2453 tutus
467 2408 494 2452 et
502 2404 605 2469 ingenti
616 2403 686 2454 ludit
695 2406 722 2454 in
734 2419 781 2454 ore
792 2406 877 2470 lepus.

346 2476 423 2535 Quae
432 2479 538 2528 maiora
549 2486 627 2543 putas
637 2477 785 2528 nriraculal
804 2477 929 2529 Srrnrnrus
939 2479 1062 2545 utrisque

382 2558 479 2602 auctor
489 2552 578 2602 adest:
598 2550 665 2602 haec
674 2559 737 2602 sunt
747 2552 881 2615 Caesaris,
891 2553 941 2603 illa
951 2553 1033 2605 lovis.

443 2677 461 2714 8.
493 2673 531 2714 Ad
548 2672 708 2721 Maximum,
724 2673 756 2715 de
772 2673 899 2715 columba
914 2672 1035 2717 Stellae-
1093 2693 1095 2698 ·

472 2763 573 2816 Stellae
584 2765 709 2816 delicium
720 2768 772 2818 mei
783 2768 918 2831 columba,

471 2837 581 2891 Verona
592 2840 656 2890 lieet
665 2842 791 2893 audiente
802 2843 900 2905 dinam,

470 2914 545 2976 vicit,
557 2914 683 2978 Maxime,
695 2932 830 2982 passerem
843 2917 952 2968 Catulli.

470 2988 560 3039 Tanto
571 2988 657 3040 Stella
667 3006 742 3042 nuens
752 3000 799 3043 tuo
810 2991 928 3055 Camila,

468 3070 570 3129 quanto
580 3079 690 3130 passere
701 3067 790 3117 maior
799 3071 840 3117 est
852 3066 985 3117 columba.
