2750 3450
457 403 779 453 EPIGRAMMATUM
797 406 867 452 ma.
884 405 926 453 vl.
1041 403 1090 453 14⁹

552 527 587 568 m.
609 525 649 567 Ad
670 524 824 568 Catianum.

293 617 415 684 Vapulat
427 616 538 668 assiduo
549 614 647 667 Veneti
658 617 792 685 quadn'ga
803 617 922 684 flagello,

330 708 381 743 nec
392 693 487 742 currit:
503 706 629 758 magnam
639 708 705 755 rem,
717 692 839 755 Gatiane,
849 692 924 743 iacit.

479 806 513 845 41.
537 803 578 845 Ad
596 802 732 847 Ianthida
750 803 903 859 nympham.

291 895 430 965 Nympha,
440 898 495 948 mei
505 896 607 948 Stellae
618 913 687 964 quae
698 896 774 949 fonte
785 897 936 948 domestica
945 912 1014 963 puro

332 972 442 1035 laberis,
453 977 481 1023 et
491 972 595 1023 domini
605 987 729 1039 gemmea
738 976 811 1023 tecta
820 972 908 1022 subis:

293 1049 353 1100 sive
363 1045 468 1097 Numae
479 1048 579 1099 coniux
590 1046 702 1098 Triviae
711 1053 739 1098 te
748 1047 824 1097 misit
835 1046 869 1096 ab
880 1051 972 1108 antr03

333 1123 390 1173 aive
402 1120 599 1173 Campenarum
609 1122 642 1172 de
653 1137 735 1189 grege
744 1136 818 1172 nona
827 1122 917 1171 venis:

294 1197 415 1249 exsolvit
425 1196 498 1247 votis
508 1193 560 1247 hac
569 1211 598 1248 se
608 1196 660 1247 tibi
669 1197 775 1263 virgine
785 1209 872 1264 porca

332 1270 452 1333 Marcus,
462 1269 590 1322 furtivam
601 1271 674 1338 quod
684 1271 755 1322 bibit
765 1285 846 1338 aeger
857 1284 964 1336 aquam.

295 1346 341 1397 Tu
351 1350 479 1397 contenta
488 1361 549 1397 meo
559 1346 614 1397 iam
625 1347 747 1409 crimine,
757 1346 860 1414 gaudia
868 1345 954 1397 fontis

333 1420 370 1471 da
380 1435 477 1471 secura
485 1421 538 1470 tui:
554 1421 590 1471 ait
599 1419 667 1471 mihi
677 1436 745 1472 sana
755 1422 824 1472 sitia.

542 1528 577 1567 48.
599 1525 632 1568 In
649 1524 839 1581 Pomponium.

297 1618 379 1681 Quod
388 1623 446 1673 tam
455 1619 558 1686 grande
568 1619 650 1675 σοφῶς
662 1620 763 1671 clamat
771 1621 824 1671 tibi
832 1621 914 1671 turba
923 1624 1031 1688 togata:

333 1699 436 1758 uentu,
452 1692 596 1761 Pomponi,
613 1710 699 1749 coena
709 1695 813 1747 diserta
821 1700 871 1746 tua
881 1699 931 1747 eat.

543 1803 577 1844 49.
602 1802 642 1844 De
662 1815 688 1844 aa
708 1800 842 1855 Priapus.

409 1891 472 1944 Non
483 1909 541 1944 aum
552 1894 586 1945 de
596 1893 690 1963 fragili
700 1895 809 1948 dolatus
820 1895 910 1958 ulmo;

408 1983 460 2019 nec
472 1983 542 2035 quae
552 1974 608 2020 etat
616 1970 708 2038 dgida
717 1972 816 2037 supina
825 1985 903 2033 vena,

408 2043 443 2095 de
452 2042 528 2110 ligno
539 2044 607 2095 mihi
618 2046 742 2112 quolibet
751 2045 878 2097 columna
888 2048 938 2107 est,

409 2116 458 2169 aed
467 2119 530 2169 viva
541 2126 671 2186 generata
680 2120 714 2171 de
723 2136 864 2187 cupressea

410 2206 480 2259 quae
489 2208 540 2244 nec
549 2196 641 2245 secula
651 2197 752 2247 centies
763 2200 882 2262 peracta,

408 2282 460 2318 nec
468 2267 567 2335 longae
578 2271 678 2321 cariem
687 2272 767 2321 timet
776 2276 910 2321 senectae.

410 2340 500 2405 Hanc,
510 2348 541 2393 tu
550 2345 673 2411 quiaquia
683 2360 722 2407 es,
733 2360 750 2395 ο
760 2345 857 2407 malus,
866 2345 976 2395 timeto:

410 2431 473 2467 nam
484 2416 509 2467 ai
518 2417 561 2468 vel
571 2419 699 2469 minimos
709 2434 790 2469 manu
800 2419 895 2484 rapaci

410 2488 464 2543 hoc
475 2490 508 2542 de
518 2493 630 2558 palmite
639 2492 754 2544 laeseris
764 2506 901 2543 racemosa

410 2570 545 2629 nascetm,
556 2567 621 2618 licet
629 2565 683 2618 hoc
692 2567 759 2617 velia
769 2581 878 2633 negare,

410 2640 513 2692 inserta
520 2642 573 2692 tibi
584 2641 652 2692 ficus
662 2656 679 2692 a
690 2656 827 2707 cupresso.

555 2749 590 2789 50.
611 2745 650 2788 De
669 2743 837 2789 Thaleaina.

249 2869 253 2880 ·
299 2840 364 2890 cnm
374 2838 479 2890 coleret
481 2855 570 2906 puros
577 2858 690 2913 pauper
700 2841 879 2900 Theleainm
889 2840 1021 2898 amaea,

251 2981 255 2986 Ι
320 2912 868 2999 emmegefidasordiduaintogula·
