2750 3450
450 382 771 432 EPIGRAMMATUM
794 386 863 432 hle.
890 385 934 434 [Χ.
1039 386 1088 438 233

294 509 388 576 excipe
399 508 535 560 sollicitos
544 508 662 575 placide,
672 524 734 559 mea
748 509 829 573 dona,
839 509 962 562 libellos:

329 589 361 635 tu
369 583 454 635 fueris
464 582 552 634 Musis
562 583 675 650 Pegasis
685 584 760 634 unde
768 585 845 635 meis.

294 656 481 726 Nympharum
491 659 599 724 templis
610 659 734 725 quisquis
743 674 794 709 sua
805 659 925 709 earmina
935 659 1028 723 donat,

331 733 398 801 qnid
407 732 467 783 lieri
477 732 555 783 libris
567 733 673 796 debeat,
682 733 743 798 ipse
754 738 854 784 monet.

547 839 583 878 60.
606 835 638 877 ln
658 838 831 879 Mamurram.

292 918 419 986 inceptis
428 918 568 971 Mamurra
578 919 625 970 diu
635 919 802 986 multumque
812 925 935 988 vagatus,

330 992 377 1045 hie
384 994 433 1044 ubi
442 992 530 1045 Roma
539 1010 603 1045 suas
614 1010 698 1045 aurea
707 1000 789 1044 vexat
800 1010 875 1062 opes,

292 1068 413 1136 inspexit
422 1069 519 1120 molles
529 1084 637 1136 pueros,
649 1070 790 1134 oculisque
801 1069 930 1120 comedit:

330 1158 386 1194 non
395 1141 455 1206 hos,
466 1158 534 1210 quos
544 1144 649 1210 primae
660 1145 825 1210 prostituere
835 1158 929 1206 casae3

293 1217 343 1268 sed
354 1232 422 1283 quos
433 1232 549 1268 arcanae
559 1223 668 1268 servant
678 1218 804 1268 tabulata
814 1223 944 1281 catastae,

330 1296 359 1342 et
368 1307 437 1358 quos
446 1307 501 1343 non
510 1293 637 1358 populus,
647 1308 698 1344 nec
707 1308 768 1343 mea
777 1293 858 1343 turba
867 1293 949 1344 videt.

292 1365 359 1417 Inde
369 1371 453 1428 satur,
466 1381 583 1430 mensas,
594 1374 622 1418 et
632 1372 742 1433 opertos
753 1368 828 1418 exuit
836 1368 925 1430 orbes,

329 1441 536 1507 expositumque
547 1442 601 1492 alte
611 1443 711 1508 pingue
721 1443 848 1509 poposcit
858 1442 935 1492 ehur=

293 1519 320 1564 et
328 1515 511 1566 testudineum
520 1531 628 1566 mensus
639 1522 735 1582 quater
745 1514 917 1579 hexaclinon,

328 1589 462 1656 ingemuit
472 1590 541 1641 citro
551 1605 606 1641 non
616 1591 685 1641 satis
696 1604 756 1640 esse
766 1606 825 1641 suo.

293 1661 438 1715 Consuluit
446 1679 535 1728 nares,
546 1679 580 1715 an
591 1664 697 1716 olerent
706 1679 771 1715 aera
781 1662 944 1716 Corinthum

331 1738 452 1805 culpavit
461 1744 566 1791 statuas
577 1744 611 1804 et,
622 1739 773 1805 Polyclete,
783 1746 853 1790 tuas.

292 1811 329 1863 Et
337 1814 448 1864 turbata
457 1814 533 1865 brevi
544 1820 653 1881 questus
665 1814 827 1880 crystallina
835 1814 916 1877 vitro,

329 1886 470 1954 myrrhina
479 1890 599 1955 signavit
608 1889 784 1954 seposuitque
794 1889 895 1939 decem.

291 1961 431 2030 Expendit
440 1968 544 2014 veteres
555 1961 688 2025 calathos,
700 1969 727 2013 et
736 1964 759 2014 si
769 1978 823 2029 qua
832 1963 941 2014 fuerunt

329 2037 430 2104 pocula
439 2037 583 2089 Mentorea
592 2038 740 2088 nobilitata
749 2053 844 2088 manu:

291 2116 319 2163 et
328 2111 430 2163 virides
441 2113 514 2178 picto
525 2126 645 2179 gemmas
654 2114 807 2164 numeravit
814 2113 843 2162 in
854 2127 930 2175 auro,

329 2186 462 2253 quidquid
471 2191 500 2237 et
510 2202 527 2237 a
536 2187 616 2237 nivea
625 2188 755 2253 grandius
766 2202 831 2237 aure
841 2193 929 2238 sonat.

292 2258 486 2326 Sardonychas
496 2277 576 2312 veros
587 2277 680 2312 mensa
690 2262 826 2328 quaesivit
834 2262 862 2311 in
874 2262 957 2324 omni,

329 2339 357 2385 et
366 2336 482 2401 pretium
493 2337 597 2402 maguis
607 2335 673 2388 fecit
682 2336 844 2404 iaspidibus.

291 2408 442 2461 Undecima
452 2410 540 2461 lassus
551 2426 609 2460 cum
619 2411 675 2461 iam
686 2411 839 2462 discederet
847 2408 925 2472 hora,

328 2499 390 2535 asse
401 2484 470 2536 duos
481 2485 580 2536 calices
590 2486 664 2548 emit,
675 2489 703 2535 et
712 2486 771 2552 ipse
780 2485 854 2535 tulit.-

410 2590 444 2630 dl.
469 2586 573 2631 Sabino
593 2590 683 2631 mittit
703 2601 832 2631 coronam
852 2598 965 2630 roseam.

292 2670 346 2722 Seu
354 2677 385 2722 tn
394 2671 537 2723 Paestanis
546 2673 639 2739 genita
649 2659 686 2735 es,
698 2687 746 2722 seu
756 2671 867 2722 'liburia
878 2671 960 2734 areis,

328 2762 377 2798 sen
386 2747 479 2797 rubuit
487 2747 569 2798 tellus
579 2748 700 2798 'saecula
710 2746 776 2798 flore
785 2752 849 2797 tuos

266 2848 273 2864 ·
292 2836 339 2872 seu
348 2820 527 2874 Praenestino
538 2828 564 2872 te
574 2821 668 2872 villica
680 2822 748 2889 legit
757 2823 786 2872 in
795 2819 889 2883 hort03

245 2951 248 2973 Ι
328 2896 469 2948 seumodo
482 2895 613 2962 Campani
623 2896 794 2964 gloriamris
804 2911 877 2948 erasa
