2750 3450
360 343 393 392 96
650 342 856 388 ΜΑΒΤΙΑΙᾸΞ

605 465 638 504 25,
663 462 703 503 ‚ld
723 461 907 502 Pastinum.

363 541 442 601 Quod
453 549 479 590 te
491 555 569 589 mane
579 540 653 589 domi
661 544 721 588 toto
733 555 787 588 non
797 538 914 588 ridimns
925 553 1011 601 anno,

399 618 439 664 u's
451 616 550 677 dicam,
561 622 699 680 quantum,
710 611 864 675 Posthnme,
875 613 1069 678 perdiderim
1112 624 1125 655 0

362 691 503 751 'l'ricenos,
514 697 589 754 puto,
600 690 656 749 bis;
671 689 782 737 vicenos
792 693 842 748 ter,
853 694 928 752 puto,
938 704 1085 741 nummos.

399 764 538 829 lgnosces3
554 764 684 830 togulam,
696 760 851 823 Posthume,
861 762 947 828 pluris
956 777 1033 814 emo.

430 872 464 909 2ῖ,
487 869 526 908 ‚ld
544 869 692 909 Caesarem
711 866 862 917 Augustum
883 866 1091 909 Domitianum

362 944 449 1009 Saepe
459 959 535 994 meos
545 944 658 993 laudare
668 943 750 1004 soles,
759 942 887 1008 Auguste,
898 942 1019 993 libellos.

399 1019 508 1068 lnvidus
520 1034 581 1069 ecce
592 1023 685 1083 negat:
701 1033 764 1066 num
774 1019 863 1067 minus
873 1031 938 1081 ergo
949 1016 1047 1068 solesl

363 1094 444 1155 Quid,
455 1094 527 1158 quod
538 1091 673 1142 honorato
684 1107 739 1141 non
749 1093 810 1142 sola
819 1107 887 1141 voce
897 1091 1010 1154 dedisti,

398 1183 452 1217 non
464 1168 534 1216 alius
545 1173 653 1231 poterat
663 1181 733 1231 qnae
744 1166 808 1216 dare
819 1166 891 1215 dona
901 1164 985 1215 niihil

361 1242 432 1292 Ecce
442 1244 539 1292 iterum
550 1242 643 1306 nigros
655 1241 778 1290 corrodit
787 1240 887 1290 liridus
896 1255 1009 1306 ungues.

398 1317 451 1376 Ila,
463 1316 572 1376 Cacsar,
583 1320 660 1365 tanto
670 1322 701 1364 tu
710 1317 807 1381 magis,
816 1323 847 1364 ut
857 1315 959 1364 doleat.

639 1423 674 1460 28.
699 1419 737 1460 Ad
759 1418 873 1460 Chloen.

452 1497 571 1547 Donasti
580 1505 682 1557 tenero,
696 1494 788 1558 Chloe,
799 1495 924 1560 Luperco

453 1571 601 1636 Hispanas,
612 1572 775 1637 Tyriasque,
790 1571 978 1635 coactimque,

454 1653 481 1696 et
490 1647 575 1696 lotam
585 1646 678 1712 tepido
689 1653 782 1711 togam
794 1643 905 1706 Galeso,

452 1720 534 1772 Indos
545 1719 741 1786 sardonychas,
752 1717 869 1786 Scythas
879 1719 1055 1786 smaragdos,

453 1803 480 1846 ct
490 1803 594 1846 centum
606 1797 731 1847 dominos
740 1810 827 1845 novae
837 1799 971 1857 monetae,

455 1879 481 1920 et
492 1872 624 1937 quidquid
635 1872 798 1937 petitusque
808 1875 929 1934 etusque
939 1870 1038 1920 donas.
1094 1904 1097 1910 -

455 1945 512 1995 Vae
524 1946 670 2012 glabraria,
681 1960 731 1994 vae
740 1946 793 1994 tibi
802 1944 921 1993 misella:

454 2022 554 2070 nudam
564 2026 592 2069 te
602 2025 704 2069 statuet
713 2025 776 2069 tuus
787 2018 935 2084 Lupercus.

616 2110 650 2149 29.
674 2108 714 2147 Ad
733 2107 894 2148 Pudentem.

364 2185 469 2244 Obstat,
481 2198 542 2233 care
553 2182 670 2245 Pudens,
681 2185 783 2233 nostris
792 2199 842 2234 sua
850 2181 930 2232 turba
939 2182 1059 2234 libellis:

400 2259 582 2324 lectoremque
593 2258 719 2324 frequens
729 2258 815 2308 lassat
825 2257 897 2308 etim
917 2256 955 2306 let
966 2273 1046 2323 opus.

362 2332 435 2382 Rara
445 2333 547 2382 iuvant.
572 2332 672 2383 Primis
682 2334 723 2382 sic
733 2335 822 2383 maior
831 2273 921 2398 gratil
931 2333 1053 2397 pomis:-

400 2406 528 2458 hibernae
539 2408 653 2474 pretium
665 2408 706 2458 sic
715 2422 836 2457 meruere
846 2422 935 2456 rosae.

364 2481 410 2532 Sic
420 2482 604 2548 spoliatricem
617 2483 789 2533 commendat
797 2481 884 2532 fastus
896 2482 1022 2543 amicam,

400 2558 483 2607 ianua
494 2574 543 2608 nec
552 2559 676 2609 iuvenem
690 2573 796 2623 semper
805 2561 900 2622 aperta
909 2561 991 2605 tenet.

364 2631 478 2697 Saepius
489 2634 517 2682 in
527 2633 598 2683 libro
611 2638 776 2683 memoratur
789 2631 899 2682 Persius
908 2646 974 2693 uno,

400 2723 479 2772 quam
491 2707 558 2757 levis
569 2709 597 2757 in
607 2714 667 2757 tota
677 2706 786 2757 Marsus
796 2705 973 2755 Amazonide.

363 2782 404 2829 Tu
414 2797 524 2847 quoque
534 2782 568 2832 de
577 2783 680 2833 nostris
690 2782 796 2848 releges
805 2794 990 2847 quemcunque
999 2779 1116 2842 libellis,

382 2869 446 2907 esse
453 2864 526 2923 puta
536 2860 632 2912 solum
642 2878 649 2911 ε
666 2861 710 2913 sic
718 2858 774 2910 tibi
782 2857 875 2926 pluris
884 2854 948 2903 erit.
