2750 3450
307 390 357 441 22⁰
594 354 806 436 nanninus

307 514 396 576 Felix,
407 524 477 579 quae
486 510 537 562 tsli
547 517 671 563 censetur
678 525 789 563 munme
796 509 892 563 tellus!

345 587 403 640 Nec
415 585 605 654 Ganymedeas
615 586 711 638 mallet
719 584 819 638 habere
831 602 934 638 comas.

457 696 490 735 is.
516 690 555 733 De
574 691 670 734 eadem
690 690 723 732 sd
742 690 953 747 Aesculapium.

309 788 434 840 Latonae
443 777 595 837 venerande
605 800 700 851 nepos,
711 787 757 852 qui
766 786 878 837 mitibus
887 784 981 837 herbis

345 863 492 913 Parcarum
504 875 602 911 exoras
617 875 702 926 pensa
712 861 862 928 brevesque
873 862 965 912 coloss

308 936 359 989 hos
370 937 421 989 tibi
430 935 559 986 laudatos
569 934 681 985 domino
692 950 742 986 sua
751 940 817 987 vota
827 934 945 1002 capillos

345 1013 393 1063 ille
402 1018 465 1062 tuus
476 1009 559 1059 Latia
569 1009 645 1058 misit
657 1009 692 1059 ab
703 1010 768 1060 urbe
778 1025 853 1077 puer.

308 1086 422 1138 Addidit
431 1091 459 1136 ct
467 1084 583 1134 nitidum
594 1086 711 1135 sacratis
721 1084 842 1136 crinibus
852 1082 956 1148 orbem,

346 1177 400 1227 qno
411 1159 479 1211 felix
488 1156 573 1208 iacies
582 1157 674 1208 iudice
683 1163 745 1209 tota
754 1158 814 1209 fuit.

309 1236 352 1286 'l'n
361 1233 479 1286 iuvenile
491 1232 573 1283 decus
583 1247 671 1294 servs,
681 1248 715 1284 ne
725 1232 866 1300 pulchrior
875 1233 924 1284 ille

345 1311 374 1361 in
384 1310 469 1375 longa
477 1305 560 1357 firerit
569 1321 649 1372 quam
661 1306 787 1358 breviore
798 1322 886 1358 coma.

462 1413 495 1453 19.
518 1410 559 1452 Ad
579 1410 727 1453 Gaesarem
746 1411 945 1455 Domitianum.

309 1497 359 1547 Est
368 1492 444 1556 mihi,
455 1495 545 1561 sitque
554 1509 652 1562 precor
661 1493 772 1562 longum
782 1500 810 1545 te
820 1494 956 1562 praeside.
967 1496 1077 1558 caesar.

345 1585 392 1621 rus
402 1570 556 1620 minimumr
570 1569 648 1635 parvi
659 1575 722 1619 sunt
732 1569 796 1619 etin
806 1569 873 1620 urbe
883 1568 980 1624 Lucs.

310 1644 363 1699 Sed
375 1644 408 1695 de
416 1643 491 1695 ¹vulle
499 1644 585 1707 brevi,
595 1659 663 1711 quas
674 1644 720 1694 det
729 1643 885 1713 sitientibus
895 1642 994 1710 hortis,

347 1717 864 1786 curvalaboratasantliatollitaquas.
985 1716 987 1720 ’

309 1795 389 1848 Sicca
401 1795 498 1847 domus
509 1796 630 1862 queritur
639 1794 715 1845 nullo
726 1810 828 1845 serore
841 1792 940 1855 foveri,

348 1886 407 1921 cum
417 1868 485 1920 mibi
494 1870 585 1921 vicino
596 1869 700 1919 Martia
710 1867 785 1919 fonte
796 1875 883 1919 sonet.

311 1945 398 2007 Quam
410 1944 518 1995 dederis
527 1945 639 2007 nostris,
649 1944 778 2010 Anguste,
790 1942 938 1995 Penatibus
949 1946 1059 2011 undam,

348 2019 466 2071 Castalis
476 2015 545 2069 hacc
553 2019 643 2081 nobis,
655 2026 702 2068 aut
711 2018 785 2070 lovis
797 2018 885 2069 imber
894 2019 956 2070 erit.

574 2126 608 2166 2⁰.
632 2121 665 2164 In
684 2120 839 2165 Sabellum.
869 2121 871 2126 '

400 2199 512 2252 Laudas
522 2199 621 2251 balnea
631 2200 753 2251 versibus
763 2200 890 2252 trecentis

326 2297 329 2302 ·
400 2276 541 2327 coenantis
551 2274 619 2325 bene
630 2273 747 2337 Pontici,
759 2273 876 2325 Sabelle.

400 2349 451 2402 Vis
462 2364 587 2412 coenare,
599 2348 717 2412 Sabelle,
732 2365 786 2400 non
796 2349 894 2401 lavari.

546 2458 580 2497 21.
605 2454 644 2495 Au
666 2454 863 2497 Domitianum.

309 2531 395 2593 llaec,
403 2546 472 2598 qnae
481 2538 542 2584 tota
551 2537 635 2599 patet,
640 2532 794 2599 tegiturque
804 2536 832 2581 et
840 2536 1018 2595 marmore,et
1027 2546 1108 2597 amo,

345 2606 459 2657 infantis
470 2607 574 2658 domini
589 2606 701 2658 conscia
709 2612 783 2657 terra
791 2603 852 2656 fnit.

309 2681 396 2742 Felix,
408 2695 477 2746 quae
486 2682 571 2733 tantis
581 2681 675 2732 sonuit
683 2680 830 2747 vagitibus,
841 2685 869 2730 et
878 2693 949 2747 quae

346 2755 416 2806 vidit
426 2761 563 2821 reptantes
573 2755 755 2821 sustinuitque
767 2751 875 2805 manns!

310 2829 365 2881 Hic
374 2835 487 2880 steterat
497 2830 651 2881 veneranda
660 2829 767 2891 domus,
778 2843 848 2896 quae
857 2830 997 2895 praestitit
1008 2830 1078 2895 orbi,

347 2904 420 2972 quod
430 2901 553 2969 Rhodos,
563 2902 692 2956 astrliero
703 2903 779 2972 quod
787 2904 836 2970 uia
844 2902 928 2955 Creta
937 2904 1015 2969 nolo.
