2750 3450
491 441 531 488 IN
553 441 725 491 PRIAPUM
745 446 875 494 Lusus.
1032 445 1081 495 389

589 565 622 604 23.
649 563 779 620 Priapus,

286 627 394 679 Hieme
405 628 544 679 custodem
553 626 683 681 foecundi
692 633 800 683 villicus
810 631 885 685 herti

323 702 446 753 mandati
457 718 549 753 curam
558 703 639 754 iussit
648 703 749 757 habere
758 707 823 757 loci.

285 776 342 828 Fur
352 776 454 828 habeas
465 792 594 842 poenam:
605 777 670 829 licet
678 781 827 848 indignere,
836 780 989 847 Feramque

324 858 436 918 propter
447 852 516 915 olus,
528 853 612 915 dicas,
624 851 677 904 boc
686 855 755 922 egoi
774 855 890 922 Propter
901 856 970 907 olus.

588 947 622 986 24.
647 943 777 997 Priapus.

340 1006 404 1058 Hoc
414 1014 557 1074 sceptrum,
569 1010 642 1076 quod
654 1009 687 1059 ab
700 1009 797 1060 arbore
807 1015 838 1060 ut
846 1011 963 1060 recisum
973 1017 1020 1061 est.

340 1082 416 1133 nulla
424 1083 481 1133 iarn
490 1086 592 1151 poterit
601 1085 688 1135 virere
698 1083 808 1135 fronde:

340 1162 484 1224 sceptrum,
497 1159 570 1224 quod
580 1157 706 1224 pathicac
716 1164 810 1224 petunt
819 1159 939 1225 puellaes

342 1231 415 1298 qued
426 1232 536 1299 quidam
548 1235 659 1299 cupiunt
668 1238 760 1284 tenere
769 1248 860 1301 reges:

341 1307 385 1357 cui
396 1306 462 1357 derit
471 1308 565 1359 oscula
573 1308 681 1359 nobiles
692 1308 810 1360 cinaedi:

338 1381 412 1432 intra
420 1382 527 1433 viscera
535 1382 605 1434 furis
613 1383 667 1434 ibit
675 1398 761 1449 usque

339 1456 375 1507 ad
385 1456 483 1522 pubem
494 1458 673 1527 capulumque
684 1458 831 1509 coleorum.

585 1550 620 1587 25.
646 1546 775 1599 Priapus.

358 1610 457 1674 Porro,
467 1614 541 1676 (nam
552 1612 613 1678 quis
624 1612 677 1662 erit
686 1609 813 1672 modusi)
839 1610 968 1674 Quirites,

359 1692 406 1739 unt
415 1687 565 1754 praecidite
576 1686 706 1738 seminale
719 1685 877 1749 membrum,

358 1762 432 1829 quod
441 1764 509 1813 totis
518 1760 586 1813 mihi
595 1762 721 1813 noctibus
732 1760 850 1828 fatigant

357 1836 464 1888 uicinae
473 1839 531 1889 sinc
541 1838 594 1887 fine
607 1837 767 1903 prurientes,

356 1913 446 1963 vernis
457 1912 613 1977 passeribus
622 1911 787 1963 salacieres=

359 1991 406 2037 sut
414 2002 537 2053 rumpere
553 2002 603 2037 nec
613 1985 750 2037 habebitis
760 1985 899 2052 Priapum.

356 2060 414 2127 Ipsi
424 2062 543 2124 cernitis,
553 2059 692 2112 erfututus
702 2065 732 2111 ut
742 2061 802 2122 sim,

357 2134 549 2202 coniectusque
558 2151 703 2203 maccrque
713 2134 894 2202 pallidiusque,

357 2210 404 2277 qui
417 2211 553 2277 quondam
562 2212 644 2263 ruber
653 2219 680 2261 ct
690 2211 783 2262 valens
793 2210 916 2262 solebam

355 2284 430 2335 fures
441 2285 562 2348 caedere,
573 2286 723 2352 quamlibet
732 2285 861 2335 valentes.

355 2358 561 2411 Defecitla'tus:
576 2369 603 2412 et
612 2361 795 2427 periculosam

357 2450 416 2486 cum
426 2436 495 2486 tussi
505 2436 588 2486 miser
597 2451 701 2502 exspuo
712 2426 836 2485 salivam.

546 2525 581 2565 26.
606 2523 646 2564 Ad
665 2524 805 2577 Priapum.

277 2589 406 2640 Deliciae
416 2589 521 2655 populi,
532 2604 631 2656 magno
642 2591 787 2640 notissima
797 2589 877 2640 circo

319 2663 441 2727 Quintia,
451 2664 574 2715 vibratas
585 2665 668 2715 docta
676 2680 785 2715 movere
795 2670 882 2726 nates,
936 2701 939 2706 -

279 2738 410 2805 cymbala
426 2754 485 2789 cum
496 2739 620 2803 crotalis,
630 2740 782 2807 pruriginis
791 2737 999 2801 armu,Priupo

309 2814 397 2876 ponit,
410 2814 570 2867 etadducta
579 2822 722 2886 tympana
731 2816 819 2886 puisa
825 2829 929 2867 manu.

259 2884 318 2932 ΡΜ
330 2886 437 2949 quibus,
452 2895 609 2962 sstsemper
620 2895 745 2965 placeat
754 2876 1079 2965 speusnuuussuffi*

286 2960 422 3025 ‘misse
432 2965 474 3018 ad
485 2973 662 3043 exemplum
672 2976 721 3029 sit
732 2990 793 3029 sua
800 2970 903 3024 turba
912 2959 978 3015 nei·
