2750 3450
376 292 391 340 t
646 296 862 342 muneratus

567 418 599 459 1⁹<
625 415 663 457 De
678 422 759 458 tauro
774 420 801 456 et
815 412 974 468 elephante.

378 505 432 565 Qui
442 507 525 558 modo
537 522 585 573 per
593 512 691 570 totam,
701 506 817 558 flammis
828 507 990 568 stimulatus,
1001 506 1112 558 arenam

414 580 560 632 sustulerat
569 588 662 648 raptas
671 588 767 633 taurus
780 583 810 632 in
821 587 895 632 astra
904 578 984 647 pilas,

377 655 506 706 occubuit
515 655 623 706 taudem
635 662 749 707 cornuto
762 656 859 707 ardore
869 657 978 722 petitus,

414 729 476 778 dum
487 728 596 782 facilem
606 730 669 782 tolli
680 731 721 782 eie
730 729 875 797 elephanta
884 736 970 796 putat.

575 855 610 894 2⁰.
635 852 675 894 De
691 852 752 906 pori
767 849 965 903 gladiatorum.

377 939 1160 1011 DumpeteretparshaecMyrinum‚parsillaTriumphum

415 1018 545 1069 Promisit
553 1018 657 1083 pariter
667 1017 769 1067 Caesar
778 1022 893 1083 utraque
903 1032 992 1067 manu.

378 1092 401 1142 N
405 1109 439 1142 on
450 1093 540 1158 potuit
549 1091 645 1142 melius
655 1091 730 1141 litem
741 1090 819 1140 finire
828 1091 961 1141 iocosam.

416 1166 438 1215 0
450 1166 527 1216 dulce
536 1165 633 1216 invicti
642 1165 774 1231 principio
783 1162 933 1231 ingenium!

654 1297 689 1335 21.
714 1293 754 1334 De
770 1292 888 1347 Orpheo.

379 1386 519 1453 Quidquid
528 1387 557 1436 in
568 1383 676 1452 Orpheo
687 1382 821 1452 Rhodope
831 1392 968 1453 spectasse
977 1385 1085 1437 theatro

415 1461 523 1523 dicitur,
534 1459 665 1523 exhibuit,
676 1460 786 1523 Caesar,
798 1476 881 1511 arena
890 1461 950 1512 tibi.

378 1535 528 1601 Ropsemnt
538 1535 653 1602 scopuli,
663 1535 841 1602 mirandaque
851 1536 921 1586 silve
931 1535 1057 1595 cucurrit,

415 1609 494 1676 quale
504 1608 588 1660 furiose
598 1624 692 1660 nemun
703 1610 822 1661 creditur
831 1609 1019 1676 Hesperidum.

377 1683 471 1735 Adfuit
479 1685 630 1736 immixtum
641 1684 740 1753 pecudi
748 1699 832 1753 genus
844 1700 922 1737 omne
932 1683 1058 1745 ferarium

414 1765 444 1829 et*
451 1775 533 1826 supra
544 1766 632 1811 vatem
642 1761 729 1811 multa
738 1762 867 1827 pependit
877 1762 943 1811 avis.

377 1834 437 1899 lpse
448 1834 496 1885 sed
505 1835 614 1901 ingrato
624 1835 712 1885 iacuit
720 1835 856 1885 laceratus
868 1835 901 1884 ab
912 1849 986 1885 urso.

415 1908 493 1959 Haec
501 1914 593 1959 tannen
602 1913 684 1958 utres
696 1913 738 1958 est
747 1906 829 1970 facta,
839 1910 880 1958 ita
890 1908 954 1958 licta
965 1908 1021 1958 alia
1031 1912 1080 1958 est.

619 2032 653 2071 22.
682 2028 722 2071 De
737 2027 926 2069 rhinocerote.

378 2124 537 2176 Sollicitant
546 2121 641 2189 pavidi
650 2120 714 2171 dnm
724 2103 898 2172 rhinhcerota
907 2120 1041 2187 magistri,

415 2214 497 2266 seque
507 2198 555 2249 diu
564 2209 679 2261 magnae
690 2194 797 2261 colligit
804 2195 848 2245 ira
857 2194 945 2257 ferae3

378 2273 591 2338 desperabantur
600 2268 729 2336 promissi
739 2268 845 2335 proelia
854 2267 964 2319 Martiae

416 2348 463 2397 sed
473 2344 598 2396 tamenin
608 2344 692 2395 rediit
701 2343 826 2410 cognitus
836 2349 898 2394 ante
908 2342 992 2395 fruor.

329 2414 334 2427 '
380 2422 503 2486 Namque
513 2433 623 2485 gravem
632 2419 742 2486 gemino
754 2432 838 2468 cornu
848 2419 889 2469 oie
898 2418 997 2469 extulit
1006 2432 1095 2479 urum,

416 2497 503 2545 iactat
512 2499 543 2544 ut
551 2493 697 2561 impositae
706 2497 802 2543 taurus
811 2493 841 2543 in
851 2499 925 2544 astra
934 2493 1015 2558 pilas.

622 2618 656 2657 2³.
681 2615 721 2656 De
737 2611 928 2668 Carpophoro.

380 2712 484 2763 Norica
494 2726 575 2777 qnam
586 2714 660 2759 certo
671 2707 807 2759 venabula
817 2706 911 2772 dirigit
919 2706 976 2757 ictu

418 2786 497 2837 fortis
508 2783 596 2836 adhuc
605 2783 693 2834 teneri
703 2783 815 2833 dextera
825 2778 1007 2847 Carpophoril

218 2906 421 3116 a,
