2750 3450
446 727 484 778 M.
514 725 908 780 VAL.MART1ALIS

282 853 1070 928 EPIGRAMMATUM

543 1001 808 1054 Linuurv.

573 1137 773 1144 ——-..-.-›.

487 1252 506 1289 1.
531 1248 570 1290 De
590 1247 678 1290 natali
698 1248 863 1290 Domitiani.

228 1361 232 1365 ’
282 1325 419 1399 Caesaris
429 1348 501 1398 alma
511 1349 578 1411 dies,
591 1355 617 1399 et
626 1349 686 1399 luce
697 1351 831 1400 sacratior
842 1351 899 1411 illa,

320 1423 430 1473 conscia
439 1422 581 1474 Dictaeum
594 1438 647 1488 qua
655 1424 720 1474 tulit
729 1424 779 1475 lda
789 1424 888 1486 lovem,

280 1496 367 1564 longa
376 1512 480 1562 precor,
492 1496 626 1563 Pylioque
637 1499 698 1548 veni
708 1500 880 1548 numerosior
890 1513 966 1559 aevo,

320 1586 425 1636 semper
436 1576 463 1621 et
472 1569 524 1622 hoc
534 1571 617 1634 vultu,
629 1573 672 1622 vel
682 1573 803 1634 meliore,
815 1573 880 1622 nite.

283 1644 338 1696 llic
348 1645 423 1697 colat
431 1645 536 1697 Albano
548 1646 694 1696 Tritonida
703 1646 802 1696 multus
812 1647 840 1694 in
851 1662 926 1709 arvo,

320 1736 421 1786 perque
431 1736 526 1771 manus
536 1727 626 1771 tantas
637 1720 755 1787 plurima
768 1736 880 1786 quercus
891 1728 943 1773 eat.

282 1794 338 1845 Hic
348 1796 423 1846 colat
430 1796 535 1863 ingenti
545 1796 687 1846 redeuntia
698 1795 790 1845 secula
799 1796 895 1859 lustro,

320 1874 348 1920 et
358 1885 427 1936 quae
436 1868 583 1922 Romuleus
594 1886 673 1921 sacra
683 1870 814 1921 Terentus
827 1868 916 1920 habet.

279 1942 385 2011 Magna
396 1944 512 2011 quidem,
523 1942 628 2010 Superi,
640 1946 765 2011 petimus,
776 1945 823 1995 sed
834 1945 927 1996 debita
935 1947 1024 1997 terris.

319 2018 374 2090 Pro
385 2023 461 2070 tanto
473 2034 542 2086 quae
553 2026 615 2069 sunt
625 2020 751 2085 improba
762 2025 827 2070 vota
837 2020 906 2071 decl

564 2128 584 2165 2.
601 2125 639 2165 lle
658 2125 785 2166 Horatio.

375 2197 522 2265 Spectabat
530 2199 612 2250 modo
624 2201 698 2251 solus
709 2202 780 2251 iuter
790 2218 882 2253 omnes

374 2274 460 2341 nigris
470 2290 565 2324 munus
575 2273 708 2325 Horatius
721 2276 845 2338 lacernis,

376 2364 436 2399 cum
446 2348 532 2414 plebs,
543 2354 570 2399 et
579 2350 668 2399 minor
680 2350 757 2412 ordo,
770 2352 955 2415 maximusque

375 2428 470 2474 sancto
482 2439 541 2474 cum
553 2423 619 2474 duce
631 2424 762 2473 candidus
777 2424 890 2474 sederet.

376 2497 449 2549 Toto
459 2498 506 2547 nix
517 2498 615 2547 cecidit
624 2503 734 2563 repente
744 2497 836 2547 coelo:

375 2572 446 2624 albis
456 2576 562 2638 spectat
570 2571 703 2621 Horatius
714 2571 839 2621 lacernis.

563 2680 582 2718 3.
607 2676 647 2719 De
666 2676 791 2719 uivilrus.

268 2750 391 2812 Adspice
401 2765 480 2814 quam
492 2751 607 2805 densum
619 2757 777 2811 tacitarum
786 2757 883 2812 vellus
894 2766 1044 2823 aquarum

297 2818 439 2873 deffustin
451 2824 705 2916 rultuscaesaris,
714 2837 811 2909 inque
824 2837 925 2891 sium·
