2750 3450
438 376 749 425 arianimirum
776 376 846 423 ΗΒ.
871 377 903 424 V.
1018 373 1066 424 tlt

522 500 543 540 a.
566 497 607 540 At
626 497 823 539 Domitianum.

270 569 379 623 Accola
387 571 443 623 iam
452 579 564 625 nostrae
573 573 668 643 Degia,
680 571 849 635 Germanice,
859 573 945 638 ripae,
987 600 997 627 ι

313 660 332 696 a
341 643 452 698 famulis
462 646 525 698 latri
534 649 581 715 qul
589 648 641 698 tibi
650 649 726 698 venit
736 647 823 713 aquis,

271 721 366 772 laetus
376 726 403 772 et
413 723 554 785 attonitus,
564 723 625 773 riso
635 721 719 773 medo
729 721 855 786 praeside
866 720 967 783 mundi,

313 793 416 846 affatur
427 796 539 848 comites
550 796 651 847 dicitur
659 811 719 846 esee
728 811 806 846 suone

274 884 339 920 sors
349 883 411 920 mea
420 885 500 936 quam
510 869 604 922 fratria
613 867 724 921 melior!
744 870 789 919 eni
801 875 857 918 tam
868 884 952 935 prope
962 868 1004 919 fas
1015 881 1055 919 est

313 958 434 1008 eernere,
443 951 500 995 tam
509 944 591 1012 longe
601 959 681 1010 quem
692 943 759 995 colit
768 943 816 994 ille
826 943 915 994 deum.

453 1053 475 1092 4.
497 1049 537 1090 Ad
557 1047 687 1091 Paullum
706 1048 739 1090 lla
757 1046 888 1100 Myrtale.

350 1125 465 1178 Foetere
474 1124 560 1177 multo
570 1124 691 1191 Myrtale
700 1123 772 1175 uolet
779 1124 857 1175 rino:

352 1200 400 1251 aerl
410 1199 490 1251 fallat
498 1205 529 1250 ut
537 1215 598 1263 noe,
608 1198 678 1251 lolia
688 1198 803 1260 devorat
813 1197 894 1260 lauri,

350 1288 505 1341 merumque
515 1279 596 1325 cauta
606 1273 704 1325 frende
713 1288 769 1324 non
780 1287 851 1339 aqua
863 1273 967 1324 miscet.

350 1347 431 1400 Hane
439 1355 470 1399 tu
479 1348 617 1400 rubentem
628 1348 843 1414 prominentibus
852 1347 928 1398 renis

351 1424 457 1490 quoties
466 1423 567 1486 venire,
578 1421 682 1486 Paulle,
692 1422 794 1474 videris
804 1428 908 1484 eontra,

351 1497 427 1549 diem
436 1497 543 1548 lieebit:
563 1496 683 1564 Myrtale
692 1496 764 1548 bibit
773 1496 888 1548 laurum.

560 1588 581 1627 t.
604 1584 645 1626 Ad
659 1583 782 1627 Sextum.

277 1661 369 1724 Sexta,
379 1659 522 1712 Palatinae
533 1660 621 1712 cultor
630 1658 748 1711 facunde
757 1659 907 1723 Minervae,

313 1736 424 1803 ingenln
433 1735 532 1787 lrueriu
542 1736 590 1803 qui
599 1736 729 1801 propiore
743 1736 802 1797 dei3

276 1827 341 1863 nam
351 1811 402 1862 tibi
410 1817 552 1862 nascentes
563 1810 667 1861 domini
678 1824 843 1876 cogneseere
855 1825 943 1871 curae,

314 1891 342 1937 et
351 1890 457 1936 secreta
465 1884 543 1936 (luein
552 1889 665 1950 pectora
675 1898 757 1934 nosse
770 1884 848 1946 lieet3

277 1962 315 2011 ait
324 1961 402 2011 loeus
412 1965 439 2010 et
448 1959 550 2010 nustria
560 1958 654 2025 aliqua
663 1958 716 2008 tibi
725 1963 802 2025 parte
813 1957 923 2020 libellis,

316 2050 370 2101 qua
379 2033 463 2096 Pedo,
475 2048 529 2099 qna
538 2032 656 2096 Marsua,
666 2048 773 2100 quaque
784 2032 906 2084 Catullus
915 2033 975 2085 erit.

276 2110 318 2160 Ad
331 2108 480 2174 Capitulini
490 2107 622 2159 eoelestia
632 2108 754 2159 carmina
762 2107 837 2169 belli,

313 2182 416 2251 grande
427 2180 582 2234 cothurnati
591 2198 662 2249 pone
672 2181 796 2234 Maronia
811 2197 887 2248 opus.

570 2289 591 2330 6.
615 2286 655 2328 at
674 2286 778 2329 Illum.

370 2362 465 2415 Sinon
475 2368 517 2415 ert
525 2352 618 2431 g'rave,
627 2378 677 2413 nee
685 2364 767 2413 nimia
777 2363 931 2423 molestum,

370 2438 474 2501 Musae,
485 2436 661 2489 Parthenium
672 2442 769 2504 rogate
777 2444 908 2487 verti-nme

369 2514 411 2565 aie
419 2519 447 2565 te
457 2513 547 2564 serior
556 2517 585 2563 et
593 2512 675 2563 beata
685 2511 822 2578 qnondam

370 2589 447 2641 salve
459 2587 576 2639 Caesare
587 2586 665 2637 liniat
678 2592 812 2647 senectus,

370 2668 398 2714 et
407 2663 446 2715 ria
455 2662 562 2714 invidia
571 2661 682 2712 favente
690 2659 770 2720 lelix3

369 2738 410 2790 uic
419 2736 522 2788 Burrus
532 2738 588 2788 eito
600 2736 701 2787 sentiat
711 2739 865 2800 parentem

368 2812 497 2863 admittar
506 2811 631 2865 timidam
641 2812 812 2883 brevemque
823 2808 954 2865 mmm

354 2885 426 2935 rim-a
434 2885 536 2941 lr'niina
544 2891 707 2948 sanctioris
718 2892 819 2948 aulae.
