2750 3450
312 341 360 392 152
600 344 815 395 mammis

313 465 422 528 Quanto
433 466 593 534 simplicius,
604 474 707 535 quanto
718 473 760 519 est
768 465 918 520 humanius
929 469 1019 533 ismiel,
1034 430 1039 442 ι

349 556 439 592 mense
449 543 492 592 vel
502 543 623 610 Augusto
635 558 741 594 sumere
750 541 943 610 gausapinasi

450 655 484 695 60.
507 653 547 695 De
564 651 722 708 Pompilio,
740 653 774 694 sd
791 653 973 696 Faustinum.

311 733 378 785 Rem
388 733 490 785 iactam
501 733 653 801 Pompilius
663 733 754 798 habet,
768 734 916 787 Faustine:
931 735 1052 805 legetur,

350 815 377 860 et
386 825 484 861 nomen
494 815 554 860 toto
565 816 676 877 sparget
683 812 713 860 in
724 810 789 862 orbe
800 825 889 860 suum.

312 881 359 935 Sic
368 885 427 935 leve
437 883 568 935 flavorum
578 885 671 935 valeat
679 900 764 952 genus
775 883 950 950 Usipiorum,

349 959 472 1026 quisquis
483 965 510 1009 et
519 959 669 1010 Ausonium
679 976 735 1014 non
749 964 824 1009 amat
831 959 992 1026 imperium.

311 1032 458 1100 Ingeniosa
467 1040 557 1085 tamen
567 1032 699 1101 Pompilii
709 1034 812 1100 scripta
821 1033 963 1098 seruatum

349 1109 396 1159 sed
406 1107 496 1159 famae
506 1124 561 1159 nou
572 1107 685 1172 esthon,
695 1106 762 1159 mihi
773 1108 863 1171 erede,
874 1109 957 1161 satis.

313 1181 400 1244 Quam
410 1183 489 1234 multi
498 1184 586 1234 tineas
597 1189 713 1251 pascunt
722 1184 879 1251 blattasque
889 1182 1006 1236 diserti!

348 1265 375 1308 et
385 1257 521 1309 redimunt
530 1258 584 1308 soli
595 1261 717 1310 carmina
726 1259 808 1309 docta
818 1255 894 1309 coeii

310 1331 412 1384 Nescio
423 1332 489 1400 quid
499 1333 560 1397 plus
570 1345 619 1397 est,
631 1333 705 1400 quod
716 1334 802 1384 donat
810 1332 905 1384 seeuls
916 1330 1033 1388 chartis·

349 1406 477 1459 Victurus
489 1405 603 1459 Genium
614 1409 696 1459 debet
703 1406 804 1459 habere
813 1408 892 1459 liber.

586 1516 620 1556 61.
644 1513 676 1555 ln
694 1513 829 1556 invidum.

312 1606 430 1671 Laudat,
442 1614 524 1670 amat,
536 1613 629 1659 cantat
639 1613 750 1659 nostros
760 1621 822 1657 mea
831 1604 922 1658 Roma
932 1608 1058 1663 libeilos=

348 1697 445 1751 meque
455 1684 529 1735 sinus
541 1685 638 1747 omnis,
648 1698 692 1735 me
702 1696 797 1733 manus
808 1681 897 1734 omnis
908 1679 1004 1737 hebet.

310 1758 382 1811 Eece
392 1760 472 1811 rubet
482 1760 602 1826 quidam,
614 1760 707 1826 pallet,
717 1762 815 1824 stupet,
831 1758 943 1822 oscitat,
955 1760 1027 1813 odit.

349 1834 411 1886 Hoc
421 1834 498 1886 volo:
516 1851 587 1886 nunc
596 1836 676 1886 nobis
687 1832 809 1885 earmina
819 1839 917 1884 nostre
931 1834 1052 1902 plaeent.

568 1957 601 1997 6¹2.
626 1954 666 1996 Ad
685 1955 848 2010 Oppianum.

419 2049 518 2102 Amisit
527 2054 604 2115 pater
613 2049 723 2099 unicum
733 2046 857 2099 Silanum

422 2139 513 2175 cessas
523 2124 629 2174 mittere
640 2139 760 2186 munera,
772 2121 914 2190 Oppianei

420 2199 485 2250 Heu
495 2198 602 2249 crudele
612 2197 699 2261 nefas,
712 2199 855 2265 malaeque
865 2197 986 2251 Pareae!

421 2273 505 2325 Cuius
515 2273 630 2324 misturis
636 2271 695 2324 'hoe
704 2274 756 2324 erit
766 2271 899 2324 cadaveri

568 2398 603 2437 63.
627 2394 666 2436 se
685 2395 848 2438 Merinum.

313 2488 373 2541 Scis
382 2496 410 2541 te
421 2489 540 2556 captari:
558 2489 612 2541 seis
622 2486 702 2552 hune,
713 2490 760 2555 qui
771 2492 873 2554 captat,
884 2504 1017 2544 evasurus

350 2571 378 2616 et
387 2565 440 2615 seis
452 2566 499 2630 qui
509 2569 609 2631 captat,
620 2564 696 2630 quid,
706 2563 840 2626 Matiane,
852 2563 934 2615 velie:

312 2646 342 2690 tu
352 2645 443 2690 tamen
453 2638 524 2690 hunc
533 2639 635 2690 tabulis
646 2636 781 2701 heredem,
792 2637 884 2701 stulte,
894 2642 1037 2707 supremis

351 2714 457 2776 scribis,
469 2720 497 2764 et
506 2729 565 2765 esse
575 2720 623 2765 tuo
633 2714 684 2776 vis,
696 2712 808 2775 furiose,
819 2712 893 2763 loce.

303 2789 425 2842 Munera
436 2804 537 2860 magna
548 2789 661 2860 quidem
668 2788 756 2851 misis,
764 2787 937 2839 seimisitin
945 2786 1047 2844 hnmog

336 2874 366 2921 et
372 2869 557 2937 piscatorem
568 2868 659 2939 piscis
669 2879 766 2917 amase
774 2857 884 2929 assessi
