2750 3450
308 392 359 444 2⁰8
597 392 814 441 MARTlAhlS

308 519 321 570 l
332 534 402 569 nunc
412 523 439 569 et
450 517 553 580 dubita,
563 522 641 570 vates
651 533 686 568 an
698 518 797 586 diligat
804 517 892 585 ipsos,

346 594 460 645 delicias
470 597 563 644 ratum
574 608 634 644 cum
644 608 720 643 meus
728 593 813 644 Aulus
824 599 906 646 amet.

591 710 627 752 64.
649 705 682 750 ln
702 706 821 760 Clytum.

381 785 417 836 Ut
426 799 535 852 poscas,
546 783 634 852 Clyte,
645 800 751 848 mimus,
766 783 925 852 exigasque,

382 876 436 911 uno
446 860 568 911 nasceris
580 860 666 911 octies
675 860 705 910 in
716 874 797 921 anno,

381 940 409 986 et
418 935 502 998 solas,
513 940 589 1001 puto,
598 940 689 986 tresve
700 940 851 1001 quatuorve

381 1026 436 1062 non
446 1010 589 1060 natalitias
603 1007 688 1060 habes
699 1008 847 1060 Kalendas.

383 1084 425 1137 Sit
435 1085 525 1136 vultus
535 1085 587 1135 tibi
601 1085 708 1137 laevior
715 1082 811 1135 licebit

381 1161 454 1211 tritis
464 1160 555 1212 litoris
566 1159 639 1211 aridi
647 1160 766 1226 lapillis3

382 1237 418 1287 sit
427 1249 506 1286 moro
518 1250 598 1285 coma
608 1235 714 1302 nigrior
727 1235 846 1298 caduoo;

381 1311 475 1362 vincas
485 1309 603 1360 mollitie
611 1315 743 1361 tremente
752 1309 868 1376 plumas,

382 1390 430 1436 aut
439 1399 557 1435 massam
568 1385 651 1436 modo
662 1385 743 1436 lactis
755 1385 876 1452 alligati3

382 1464 410 1511 et
418 1459 484 1510 talis
494 1464 586 1511 tumor
595 1460 696 1511 excitet
706 1459 834 1527 papillas,

382 1535 478 1602 quales
488 1535 573 1586 cruda
582 1535 643 1586 viro
657 1535 750 1602 puella
759 1541 863 1586 servat:

381 1615 411 1660 tu
421 1610 510 1673 nohis,
522 1610 610 1677 Clyte,
621 1611 677 1661 iam
687 1625 771 1661 senex
781 1609 892 1661 videris.

382 1686 452 1737 Tam
463 1686 564 1738 multos
576 1687 637 1753 quis
648 1687 719 1737 enim
730 1685 815 1737 titisse
825 1684 921 1738 eredat

382 1762 489 1813 natales
499 1761 637 1813 Priamive
647 1759 824 1828 Nestorisvel

383 1836 427 1889 sit
436 1837 546 1888 tandem
558 1838 647 1903 pudor
656 1843 684 1889 et
692 1837 791 1888 modus
800 1836 915 1903 rapinis.

383 1912 499 1973 Quodsi
510 1913 582 1964 ludis
594 1911 691 1974 adhue,
702 1913 840 1979 semelque
849 1913 926 1963 nasei

382 2004 437 2038 uno
447 1990 502 2037 iam
514 1987 566 2039 tibi
576 2004 631 2039 non
642 1996 686 2039 sat
697 1997 738 2039 est
746 1989 775 2038 in
787 2002 872 2049 ann03

381 2068 475 2112 natum
488 2069 524 2125 te,
536 2062 624 2129 Clyte,
635 2079 685 2114 nec
696 2063 779 2115 semel
788 2061 902 2129 putabo.

546 2170 580 2210 65.
605 2168 644 2208 Ad
666 2168 865 2210 Domitianum.

309 2244 364 2295 llic
374 2244 421 2295 ubi
430 2244 569 2295 Fortunae
579 2244 698 2296 Reducis
708 2245 843 2312 fulgentia
851 2244 909 2297 late

345 2320 448 2386 templs
458 2320 552 2382 nitent,
563 2320 631 2371 felix
642 2336 706 2371 area
716 2336 802 2388 nuper
811 2326 883 2372 erat:

308 2393 354 2445 hie
363 2396 439 2446 stetit
448 2396 542 2445 Arctoi
552 2394 692 2447 formosus
702 2397 813 2463 pulvere
823 2394 890 2446 belli

346 2485 508 2536 purpureum
521 2469 636 2521 lundens
647 2470 750 2522 Caesar
760 2471 795 2521 ab
806 2485 853 2521 ore
862 2468 958 2521 iubar:

309 2543 354 2595 hic
363 2544 442 2597 lauro
453 2545 582 2598 redimita
593 2561 696 2609 comas,
707 2553 734 2597 et
745 2545 864 2596 eandida
874 2545 951 2597 cultu

346 2618 435 2672 Roma
447 2621 579 2672 salutavit
588 2637 656 2673 voce
667 2636 802 2688 manuque
813 2619 918 2671 ducem.

310 2693 420 2745 Grande
430 2696 486 2746 loci
496 2698 621 2747 meritum
631 2702 768 2747 testantur
778 2703 805 2747 et
814 2695 902 2745 altera
913 2694 1003 2748 donat

347 2776 403 2820 stat
412 2786 490 2821 sacer
499 2770 629 2823 edomitis
638 2772 765 2839 gentibus
777 2786 855 2821 arcus
866 2785 963 2822 ovans.

309 2844 364 2895 Hie
374 2846 476 2911 gemini
488 2860 582 2898 currus
592 2852 736 2897 numerant
746 2843 892 2912 elephanta
900 2844 1091 2914 frequentetur

343 2920 448 2972 suffieit
455 2920 598 2975 immensis
608 2936 706 2974 alueus
715 2922 775 2991 ipse
783 2920 865 2989 iugis.
