2750 3450
432 380 752 427 Errunnmmn'rum
778 380 845 426 ΗΒ.
863 381 895 427 X.
1014 379 1062 430 265

346 508 499 570 tostnmque
508 503 613 564 fervens
624 503 710 555 Iulius
720 504 814 569 coquit
822 519 944 555 messem.

347 575 454 629 Cirrata
463 579 531 629 loris
540 575 660 629 horridis
670 576 789 644 Scythae
798 578 888 643 pellis,

347 667 401 719 quq
409 652 550 719 vnpnlavit
559 652 686 718 Marsyas
698 652 854 714 Celenneus,

346 725 502 794 ferulaeque
511 727 613 788 tristes,
624 731 731 792 sceptra
741 725 972 792 paedagogorum,

347 807 461 864 cessent,
472 806 500 852 et
508 800 572 851 ldus
585 801 723 851 dormiant
731 802 761 851 in
771 800 917 852 Octobres:

347 880 450 926 aestate
461 876 539 943 pueri
549 875 574 926 si
583 874 683 938 valent,
693 876 761 925 satis
771 874 887 926 discunt.

366 978 372 993 ²
397 982 431 1022 68.
454 978 638 1034 Epitaphium
657 977 765 1021 nobilis
783 982 934 1020 matronae.

273 1056 413 1108 Marmora
422 1071 508 1122 parva
518 1056 635 1123 quidem,
646 1055 759 1106 sednon
769 1070 887 1118 cessura,
898 1056 995 1119 viator,

309 1130 432 1182 Mausoli
444 1132 519 1182 saxis
528 1129 758 1196 Pyramidumque
767 1130 845 1197 legis.

273 1202 323 1255 Bis
333 1220 394 1257 mea
405 1203 529 1256 Romano
539 1210 662 1270 spectatu
673 1209 716 1255 est
724 1206 781 1255 vita
790 1207 918 1268 l'erento,

311 1285 338 1330 et
346 1277 415 1330 nihil
426 1285 561 1331 extremos
571 1280 691 1346 perdidit
700 1285 762 1330 ante
771 1295 863 1347 rogos.

275 1353 401 1421 Quinque
411 1353 486 1405 dedit
495 1369 603 1420 pueros,
613 1355 728 1406 totidem
738 1352 805 1405 mihi
814 1355 881 1405 luno
893 1355 1011 1421 puellas:

235 1488 238 1493 ⁴
311 1428 465 1479 clauserunt
476 1444 568 1480 omnes
578 1429 681 1480 lumina
691 1436 786 1481 nostru
795 1444 899 1480 manus.

274 1503 397 1570 Contigit
406 1508 433 1553 et
440 1501 555 1553 thalami
564 1501 631 1553 mihi
641 1503 731 1570 gloria
741 1519 813 1566 rara,
823 1503 928 1570 fuitque

310 1592 365 1627 una
374 1577 523 1644 pu‘dicitine
533 1577 653 1627 mentula
661 1582 728 1628 nota
738 1592 823 1628 meae.

551 1674 584 1713 dl.
609 1671 648 1713 Ad
667 1670 785 1714 Pollam.

272 1747 427 1815 Contigeris
436 1750 531 1817 regino
541 1764 616 1800 meos
627 1750 651 1800 si
660 1748 741 1800 Polla
750 1749 868 1812 libellos,

309 1837 365 1874 non
374 1823 471 1874 tetrica
481 1828 590 1875 nostros
602 1825 696 1889 excipe
706 1823 796 1874 fronte
807 1824 896 1875 iocos.

270 1896 322 1948 Ille
330 1901 393 1947 tuus
403 1902 488 1960 vates,
499 1896 641 1949 Heliconis
650 1899 741 1964 glorio
750 1898 847 1960 nostri,

310 1968 403 2022 Pieria
413 1978 523 2023 caneret
532 1988 592 2023 oum
602 1971 661 2023 fera
670 1972 744 2023 bella
753 1972 828 2034 tuba,

272 2050 429 2098 nontamen
439 2046 659 2098 erubuitlnscivo
670 2047 761 2097 dicere
771 2062 859 2109 versu,

311 2116 341 2171 sl
349 2134 400 2171 nec
408 2122 548 2188 paedioor,
560 2121 649 2185 cotto,
661 2122 727 2187 qnid
737 2119 783 2171 hio
791 2120 883 2171 iaoiol

501 2213 535 2253 65.
558 2211 592 2255 ln
611 2210 833 2253 Carmenionem.

382 2284 448 2336 Cum
457 2292 484 2338 te
494 2288 655 2353 municipem
666 2286 868 2338 Corinthiorum

381 2360 475 2424 lactes,
487 2361 658 2423 Carmenion,
668 2367 783 2427 negante
792 2362 878 2424 nullo,

381 2450 429 2485 cur
437 2433 523 2486 frater
531 2436 584 2488 tihi
593 2435 678 2497 dicor,
690 2450 723 2485 ex
733 2434 818 2485 lberis

382 2515 410 2560 et
419 2508 502 2560 Celtis
514 2510 629 2576 genitus,
641 2509 765 2575 Tagique
776 2508 860 2559 sivist

381 2581 420 2633 An
431 2585 507 2634 vultu
515 2583 619 2634 similes
628 2582 752 2633 videmur
762 2582 839 2633 essel

382 2658 425 2708 Tu
435 2658 505 2709 llexa
513 2658 617 2708 nitidus
628 2672 707 2709 come
716 2658 839 2724 vegaris3

381 2721 515 2798 Hispdnis
524 2747 575 2799 ego
586 2737 732 2784 contumax
743 2731 863 2798 capillis=

381 2806 467 2859 leeris
478 2807 597 2874 dropace
610 2812 641 2857 tn
650 2806 829 2873 quotidianos

380 2879 492 2934 hirsutis
502 2897 554 2950 ego
566 2882 688 2933 cruribus
699 2882 837 2950 genisque.
