2750 3450
328 359 378 411 25t
615 362 829 410 Manilius

329 487 398 539 Nam
410 503 469 538 eum
479 484 587 537 dicatur
595 486 690 537 tunica
699 490 841 552 praesente
851 485 978 550 molesta,

364 578 413 613 ure
423 577 544 612 manum:
560 560 621 626 plus
632 566 674 611 est
683 561 783 620 dicere,
793 559 856 610 Non
865 560 949 611 facio.

573 668 607 708 26.
631 665 671 707 De
693 670 780 707 morte
798 665 874 708 Vari.

330 741 410 804 vare,
421 742 602 792 Paraetonias
611 740 695 792 Latia
704 742 787 793 modo
797 743 852 792 vite
862 756 911 807 per
920 743 1003 796 urbes

366 818 476 875 nobilis,
488 823 515 867 et
526 823 630 866 eentum
642 816 697 867 dux
708 817 881 867 memorande
894 818 978 880 viris3

331 897 359 941 at
368 908 447 954 nune,
458 892 578 942 Ausonio
588 890 691 942 frustra
700 890 834 958 promisse
851 890 979 955 Quirino,

365 964 476 1031 hospita
489 965 594 1033 Lagaei
608 967 699 1017 litoris
709 966 805 1016 umbra
813 967 897 1016 iaces.

330 1039 463 1107 Spargere
476 1056 531 1091 non
542 1041 620 1090 licuit
630 1040 758 1107 frigentia
767 1039 875 1091 fletibus
886 1055 945 1103 ora,

365 1117 478 1182 pinguia
488 1130 537 1164 nee
546 1116 660 1166 moestis
672 1114 772 1167 addere
781 1120 844 1165 tarra
853 1115 939 1182 rogis.

330 1189 382 1241 Sed
394 1191 474 1240 datur
484 1193 594 1239 aeterno
604 1190 738 1239 victurum
749 1191 868 1240 carmine
877 1204 987 1240 nomen.

365 1264 503 1331 Numquid
515 1269 541 1314 et
550 1260 612 1326 hoc,
623 1262 710 1313 fallax
719 1262 791 1326 Nile,
801 1278 901 1330 negare
912 1263 1008 1330 potest

583 1353 617 1391 21.
642 1349 680 1391 Aa
701 1350 861 1392 Diodorum.

327 1423 431 1487 Natali,
441 1424 576 1488 Diodore,
586 1430 634 1477 tuo
647 1427 763 1477 conviva
771 1431 881 1477 senatus

366 1500 489 1563 accubat,
500 1507 527 1552 et
536 1516 613 1552 rarus
624 1516 679 1552 non
690 1499 834 1571 adhibetur
843 1515 940 1566 eques3

329 1578 356 1624 et
364 1580 413 1624 tua
424 1576 543 1626 tricenos
553 1576 668 1643 largitur
678 1575 804 1643 sportula
811 1589 951 1626 nummos:

365 1665 444 1701 nemo
455 1656 546 1702 tamen
555 1658 648 1702 natrrm
658 1658 694 1715 te,
705 1651 837 1713 Diodoro,
847 1655 935 1717 putat.

613 1745 647 1783 28.
672 1740 713 1782 Ad
731 1739 833 1783 lanum.

329 1817 465 1866 Annorum
476 1817 611 1883 nitidique
624 1822 701 1867 sator
709 1814 888 1883 pulcherrime
900 1816 1007 1878 mundi,

365 1891 480 1942 Publica
490 1907 568 1958 quem
578 1893 694 1957 primum
703 1897 769 1942 vota
782 1905 929 1956 precesque
938 1898 1050 1956 vocant,

328 1967 437 2032 pervius
449 1968 562 2032 exiguos
573 1964 717 2017 habitabas
729 1970 791 2015 ante
800 1964 925 2028 Penates,

365 2041 483 2106 plurima
494 2056 547 2107 qua
557 2041 673 2091 medium
683 2040 771 2091 Roma
780 2039 886 2089 terebat
895 2040 957 2090 iter.

328 2114 406 2166 Nune
415 2120 462 2164 tua
474 2113 615 2166 Caesareis
625 2117 768 2182 oingrmtur
777 2114 873 2164 limina
882 2114 978 2179 donis3

365 2196 392 2239 et
401 2188 463 2239 fora
472 2195 515 2239 tot
523 2205 658 2252 numeras,
668 2190 741 2253 lane,
753 2192 820 2256 quot
829 2203 879 2239 ora
888 2190 971 2255 geris.

329 2265 362 2314 ht
371 2270 409 2326 tu,
421 2269 513 2314 sancte
523 2270 608 2329 pater,
619 2270 696 2315 tanto
707 2280 756 2330 pro
767 2278 877 2314 munere
886 2268 992 2330 gratus,

364 2337 592 2404 ferreaperpetua
604 2340 722 2391 claustra
731 2345 809 2389 tuere
817 2352 887 2388 sera.
996 2332 1000 2342 '

565 2430 598 2469 29.
623 2427 662 2468 Ad
682 2425 884 2470 Sextilianum.

329 2504 416 2565 Quam
427 2502 495 2553 mihi
504 2504 630 2554 mittebas
642 2501 753 2553 Saturni
761 2509 884 2568 tempore
898 2501 1016 2566 lancem,

365 2580 465 2629 misisti
475 2580 611 2640 dominae,
623 2577 782 2640 Sextiliane,
792 2584 868 2627 tuae:

328 2661 355 2704 et
366 2670 446 2719 quam
457 2653 580 2703 donabas
591 2653 671 2704 dictis
682 2670 699 2703 a
708 2652 797 2720 Marte
807 2651 951 2715 Kalendis,

365 2728 398 2778 de
408 2733 504 2777 nostra
513 2729 625 2793 prasina
636 2733 678 2779 est
686 2726 824 2795 synthesis
836 2731 909 2777 emta
918 2731 995 2796 toga.

328 2801 384 2851 lam
397 2806 522 2853 constare
531 2803 583 2853 tibi
592 2803 678 2869 gratis
688 2818 803 2869 coepere
813 2801 934 2867 puellae:

364 2876 521 2927 muneribus
534 2876 627 2941 futuis,
638 2878 797 2940 Sextilium,
807 2877 883 2927 meis.
