2750 3450
308 364 360 418 2⁷6
597 366 811 414 Munatius

400 478 506 553 tonsos,
516 487 683 553 horridulus,
693 489 782 553 rudes,
797 489 915 557 pusillos

400 562 505 616 hircosi
514 562 582 614 mihi
592 564 665 615 tilios
676 565 792 616 subulci.

401 638 501 690 Perdet
509 644 536 689 te
546 638 635 704 pudor
644 636 703 688 hice
718 636 828 702 habere,
837 637 927 701 Publi,

402 728 492 765 mores
502 728 557 764 non
567 717 646 779 petes
656 710 717 776 hos,
727 718 755 764 et
764 711 815 764 hos
825 714 978 764 ministros.

520 810 554 851 00.
579 806 619 849 De
637 807 733 859 lignes
751 805 890 849 Socratis.

311 885 341 937 Si
351 884 477 937 Romana
486 882 578 936 iurent
586 880 654 934 haec
664 881 788 934 Socratis
799 897 858 945 cra,
868 881 988 934 fuissent

347 961 433 1012 lulius
441 959 471 1010 in
481 957 590 1025 Satyris
601 957 696 1024 qualia
704 955 791 1008 Rufus
800 955 891 1008 babet.

388 1067 435 1107 100.
459 1061 491 1105 ln
510 1062 734 1104 comminantem
751 1073 851 1105 versus
869 1060 951 1116 operi
970 1074 1028 1103 sno.

386 1139 469 1201 Quid,
480 1139 571 1202 stulte,
581 1137 683 1190 nostris
693 1138 816 1189 versibus
825 1142 889 1188 tues
898 1136 1018 1188 miscesi

384 1213 450 1265 cum
461 1212 587 1281 litigante
598 1212 663 1281 quid
673 1212 735 1275 tibi,
745 1213 836 1274 miser,
846 1210 938 1263 librol

385 1286 458 1350 Quid
469 1302 635 1355 congregare
646 1302 706 1338 cum
716 1287 842 1338 leonibus
855 1285 960 1352 vulpes,

384 1362 538 1430 aquilisque
548 1362 651 1413 similes
661 1360 752 1412 iecere
761 1366 877 1412 noctuas
887 1360 1017 1427 quaes-isi

384 1437 496 1489 Habeas
506 1435 601 1487 licebit
611 1435 726 1487 alterum
736 1435 831 1502 pedem
841 1433 947 1498 Ladae,

383 1512 484 1578 inepte,
494 1509 597 1562 frustm
607 1524 684 1562 crure
695 1510 787 1577 ligneo
798 1524 898 1561 curres.
1018 1504 1020 1514 '

554 1620 601 1660 101.
625 1616 664 1659 ns
685 1611 859 1670 Capitolino.

310 1693 408 1760 Elysio
419 1693 515 1745 redeat
524 1693 549 1745 si
559 1690 631 1746 forte
639 1692 770 1745 remissus
780 1691 815 1744 ab
825 1705 893 1761 agro

347 1768 395 1819 ille
405 1784 455 1820 suc
468 1768 537 1820 felix
546 1769 664 1821 Caesare
675 1766 766 1834 Galba
774 1773 861 1831 vetus,

311 1844 359 1909 qui
370 1842 554 1910 Capitolinum
565 1845 676 1910 pariter,
692 1842 861 1910 Galbamque
871 1843 999 1894 iocantes

349 1918 481 1969 audierit:
498 1918 580 1981 dicet,
590 1918 692 1969 rustice
704 1917 802 1980 Galba,
812 1922 882 1969 tace.

577 2026 626 2065 102.
648 2022 690 2065 De
706 2021 836 2079 l’bilevnc.

405 2097 467 2159 Qua
475 2096 565 2149 fuctus
575 2099 684 2150 ratione
693 2099 731 2149 sit
739 2099 865 2165 requinis,

404 2172 451 2237 qui
461 2187 596 2238 nunquam
606 2172 697 2234 fluunt,
707 2179 786 2239 pater
798 2170 944 2225 Philenusl

405 2244 568 2309 Gaditanus,
577 2247 664 2308 luite,
676 2247 751 2298 dicat
758 2247 841 2309 istud,

405 2321 452 2386 qui
461 2320 557 2371 scribit
566 2318 644 2384 nibil,
661 2326 690 2371 et
699 2327 790 2372 tamen
799 2326 883 2387 poeta
892 2328 942 2372 est.

415 2428 462 2467 100.
488 2424 526 2465 Ad
546 2425 703 2480 municipes
722 2438 787 2467 suns
805 2421 1005 2470 liilbilitsncs.

311 2501 473 2567 Municipes,
486 2502 606 2569 Augusta
616 2501 685 2553 mihi
695 2517 764 2569 quus
775 2501 886 2552 Bilbilis
897 2502 956 2552 acri
1060 2537 1068 2584 4

349 2582 439 2627 monte
452 2583 534 2639 creat,
545 2577 650 2643 rapidis
661 2592 740 2643 quem
751 2574 817 2628 Salo
829 2576 915 2643 cingit
924 2580 1017 2642 aquis3

313 2652 410 2717 ecquid
420 2651 493 2701 laeta
505 2653 582 2702 iuvat
592 2652 675 2703 vestri
685 2667 736 2702 vos
745 2649 931 2718 gloriamini

239 2759 246 2775 .
349 2725 419 2775 liam
431 2725 512 2777 decus
523 2731 550 2776 et
559 2741 667 2789 nomen,
678 2724 805 2792 famaque
814 2730 906 2776 vestra
915 2741 1021 2776 sumus:

313 2815 363 2850 nec
372 2816 421 2850 sua
432 2799 492 2866 plus
504 2800 584 2853 debet
598 2801 673 2852 tenui
683 2799 793 2853 Verona
804 2799 926 2861 Canull03

350 2888 446 2942 meque
456 2874 522 2925 velit
532 2874 587 2927 dici
597 2890 653 2928 nen
661 2876 752 2928 miuus
761 2875 812 2927 illa
821 2889 906 2927 suum.
