2750 3450
441 298 778 396 EPIGRAMMATUM·
789 349 858 396 ΗΒ.
881 349 925 395 ΙΠ.
1048 348 1082 400 81

467 482 501 523 68.
526 479 566 522 Al
585 483 738 523 matronam
757 481 894 536 pudicam.

279 573 346 625 Huc
356 577 493 640 estusque
502 575 554 625 tibi
565 575 692 642 scriptus,
703 583 838 639 matrona,
849 576 969 628 libellus.

255 685 260 694 .
319 648 371 700 Cui
381 647 437 699 sint
447 650 552 716 scripta
560 665 643 716 regas
653 649 805 702 interierat
823 649 900 701 mihi.

281 723 473 792 Gymnasium,
478 722 608 787 thermae,
614 725 734 776 stadium
745 731 787 776 est
795 723 847 776 hae
856 732 947 792 parte:
958 727 1063 779 recede,

317 799 465 850 Exuimur=
480 800 570 851 nudos
581 815 663 867 parce
673 801 767 852 videre
777 801 862 852 viros.

281 875 338 926 llic
346 875 404 925 iam
416 873 543 941 deposito
555 880 619 941 pest
628 876 693 926 vina
703 891 836 942 rosasque
846 877 960 942 pudore,

229 986 234 995 -
319 950 386 1018 quid
397 949 480 1013 dieat,
490 952 579 1001 nescit
588 951 684 1001 saucia
694 949 885 1017 Terpsichore.

228 1002 245 1110 Ξ
281 1023 427 1078 Schemate
436 1040 487 1076 nec
497 1025 591 1089 dubio,
602 1025 649 1077 sed
661 1031 755 1092 aperte
765 1026 891 1077 nominat
899 1025 987 1089 illam,

234 1096 245 1108 ⁴
318 1116 400 1168 quam
411 1100 511 1166 recipit
520 1106 598 1152 sexto
609 1116 702 1151 mense
711 1101 830 1167 superba
840 1099 945 1151 Venus:

281 1176 425 1228 custodem
435 1175 527 1226 medie
541 1176 638 1227 statuit
648 1191 728 1242 quam
739 1176 849 1226 villicus
859 1173 956 1239 hort03

235 1270 240 1295 ··
319 1251 450 1318 opposita
459 1256 566 1317 spectat
576 1266 656 1317 quam
668 1251 757 1317 proba
767 1251 845 1318 virge
856 1266 947 1301 mauu.

280 1324 311 1377 Si
321 1327 392 1378 bene
402 1331 429 1376 te
439 1326 519 1388 novi3
533 1325 643 1393 longum
654 1327 710 1377 iam
721 1326 796 1377 lassa
806 1326 929 1377 libellum

228 1398 232 1407 “
319 1401 458 1469 ponebam
473 1405 561 1452 totum
571 1417 643 1453 nune
653 1402 780 1453 studiosa
793 1401 877 1470 leges.

534 1526 569 1567 69.
594 1523 634 1567 Au
654 1523 830 1568 (lenonium.

278 1619 383 1670 Omnia
394 1619 468 1686 quod
478 1618 578 1670 acribia
588 1619 672 1671 castis
683 1620 884 1686 epigrammata
893 1620 993 1682 verbis,

319 1695 405 1763 inque
414 1695 469 1747 tuis
479 1695 556 1747 nulla
566 1699 607 1747 eat
616 1694 738 1747 mentula
749 1694 928 1758 carminibus3

278 1772 420 1823 admiror:
435 1771 529 1824 laudo.
559 1769 636 1824 Nihil
647 1776 690 1822 est
698 1775 726 1821 te
736 1771 859 1821 sanctius
869 1786 938 1821 uno:

258 1853 263 1858 '
319 1853 350 1898 at
361 1862 424 1898 mea
433 1846 742 1915 luxuriapaginanulla
751 1850 840 1898 vacat.

228 1964 236 1974 ..
275 1922 361 1975 llaec
372 1922 458 1990 igitur
467 1922 579 1973 iuvenes
590 1936 707 1988 nequam
719 1919 871 1987 facilesque
880 1919 997 1986 puellae,

317 1996 389 2049 haee
398 1997 501 2060 senior,
512 1997 560 2048 aed
571 2013 650 2064 quem
661 2003 772 2063 torquet
783 1997 881 2059 amica,
892 1996 974 2064 legat.

268 2076 314 2125 ,Αῐ
325 2079 385 2137 tua,
397 2072 526 2135 Cosconi,
536 2073 749 2139 venerandaque
760 2077 909 2139 sanctaque
919 2071 1003 2123 verba

318 2164 336 2198 a
346 2148 440 2215 puetis
451 2147 551 2199 debent
560 2148 766 2217 virginibusque
776 2147 840 2215 legi.

534 2282 569 2322 ¹1⁰.
591 2279 632 2322 Aul
651 2278 827 2324 Scaeviuum.

272 2369 416 2428 Moechus
426 2388 456 2423 ea
465 2373 599 2437 Aufidiae,
611 2376 658 2441 qui
668 2375 720 2437 vir,
731 2371 873 2435 Scaeuae,
883 2369 971 2422 luisti.

315 2447 427 2501 Rivalis
437 2446 529 2500 fuerat
539 2450 586 2516 qui
596 2456 669 2514 tuus,
678 2449 727 2500 ille
737 2449 780 2500 vir
789 2453 840 2499 est.

275 2525 336 2578 Cur
347 2524 441 2575 aliena
451 2523 543 2591 placet
552 2525 613 2588 tibi,
626 2526 672 2576 eui
681 2539 732 2576 sua
741 2539 797 2575 nen
806 2522 898 2590 placet
906 2517 993 2572 uxori

315 2599 461 2667 Numquid
472 2615 584 2652 securus
593 2616 650 2652 uon
659 2605 740 2666 potes
751 2594 889 2665 arrigerei

544 2726 579 2767 u.
603 2721 636 2765 Iu
654 2701 819 2764 Naevolum.

267 2817 401 2868 Menmla
411 2832 472 2866 cum
483 2816 581 2868 doleat
585 2833 689 2885 puero,
701 2820 766 2887 tibi,
776 2818 925 2886 malevole,
940 2816 1043 2871 uuluae

296 2902 357 2936 ηοιι
365 2902 428 2936 sum
439 2890 562 2959 divinus,
572 2897 628 2949 sed
639 2900 708 2955 scio
720 2901 798 2973 quid
806 2900 922 2956 iacias.

311 2975 426 3021 ΜΛΝ.
888 2998 913 3048 Ῑι·
