2750 3450
669 350 882 398 Mancinus

635 473 670 512 86.
694 468 734 511 Ad
755 468 919 513 Classicum.

476 562 556 623 Quod
566 578 616 614 nec
627 565 745 614 carmine
755 565 860 631 glanior
869 562 978 629 supino,

474 653 524 688 nec
534 643 606 688 retra
618 637 679 704 lego
692 637 811 688 Sotaden
823 637 975 700 cinaedum,

474 727 605 777 nusquam
619 711 754 763 Graecula
764 713 837 778 quod
847 716 972 761 recantat
980 710 1075 777 Echo,

474 801 524 836 nec
534 787 620 836 dictat
628 785 697 836 nihl
707 787 857 837 luculentus
867 786 938 836 Attis

474 860 583 911 malleni
595 861 737 911 debilitate
747 860 935 911 Galliamhom

474 950 529 984 non
540 935 811 998 sum,Clascice,tan1
822 935 909 984 malua
920 938 1013 1000 poeta.

475 1008 548 1069 Quid
559 1011 583 1060 si
593 1024 641 1075 per
651 1010 768 1075 graciles
778 1010 837 1062 vias
848 1008 959 1059 Petanri

475 1083 589 1133 invitum
599 1083 695 1133 iubeas
705 1084 797 1134 mibire
807 1081 929 1133 Ladami

475 1158 565 1222 'liupo
576 1162 617 1207 est
628 1157 753 1209 difficiles
763 1156 862 1208 hahere
872 1172 969 1224 nngaa,

475 1236 501 1281 et
511 1231 609 1281 stultus
620 1231 699 1282 labar
709 1239 751 1283 est
760 1233 932 1297 ineptiarum.

475 1303 583 1355 Scribat
594 1306 715 1356 carmina
725 1307 834 1357 cirmilis
844 1306 1007 1357 Palaemon:

474 1396 516 1429 me
527 1381 598 1431 raris
607 1381 684 1431 iuvat
694 1381 806 1431 auribus
816 1381 932 1447 placere.

662 1488 697 1527 tl.
720 1483 753 1527 ln
771 1485 892 1529 Sextum

383 1569 462 1620 Dicis
474 1585 566 1621 ainnore
576 1573 616 1622 tui
626 1572 714 1622 bellac
725 1572 821 1622 ardere
828 1569 943 1637 puellae,

421 1646 469 1710 qui
479 1643 576 1696 faciem
587 1647 637 1699 sub
648 1662 731 1713 aqua,
740 1645 829 1708 Sexte,
840 1647 961 1697 natantia
971 1643 1077 1702 habea?

643 1756 677 1796 80.
692 1752 724 1793 ln
743 1752 915 1793 idamaeam.

383 1826 430 1879 Nil
440 1830 549 1892 recitas,
560 1829 645 1891 etvls,
656 1828 802 1891 Mamerco,
812 1834 895 1894 pocta
904 1826 1000 1878 videri.

422 1901 561 1969 Quidquid
572 1905 615 1955 vin
625 1908 694 1966 esto,
706 1903 852 1954 dnmmodo
862 1902 902 1952 nil
911 1902 1020 1952 recites.

660 2010 695 2049 89.
718 2006 749 2048 In
769 2006 895 2049 Gaurum.

386 2083 465 2143 Quod
476 2084 561 2152 nimio
572 2082 674 2150 gaudes
685 2089 791 2133 noctem
803 2083 951 2149 producere
960 2083 1037 2147 uno,

420 2159 548 2223 ignosco:
564 2159 668 2221 vitium,
682 2156 781 2221 Gaure,
793 2158 905 2208 Catonis
919 2156 1013 2208 habea.

385 2232 512 2281 Carmina
521 2232 593 2298 quod
604 2233 701 2283 acribia
711 2232 799 2283 Music
809 2238 837 2283 et
848 2232 975 2297 Apolline
984 2231 1074 2296 nullo,

421 2306 529 2356 laudari
539 2308 633 2357 debes:
653 2305 706 2359 hoc
717 2306 856 2358 Ciceronis
867 2305 959 2357 habea.

387 2380 577 2443 Quadvomis;
597 2382 711 2432 Anium:
732 2382 975 2448 quodlnxuriaria3
994 2381 1091 2447 Apici:

423 2456 496 2521 quod
506 2456 599 2519 fellae5
619 2457 714 2507 vitium
731 2457 776 2507 dic
785 2454 852 2507 mihi
862 2456 938 2507 euius
948 2454 1049 2507 habeti

602 2564 636 2605 90.
661 2562 701 2603 Ad
721 2559 953 2610 Quinctiliannni.

387 2635 580 2700 Quinctilium,
590 2638 845 2705 vagacsncdcrator
857 2651 959 2687 minine
967 2637 1112 2703 inventae,

424 2709 520 2760 Gloria
530 2711 678 2776 Romanae,
691 2712 884 2774 Quinctilium,
893 2718 985 2778 togae,

376 2784 466 2834 rivere
477 2787 554 2851 quiid
561 2804 688 2858 propero
699 2803 817 2858 pauper,
828 2786 998 2837 necinutilia
1006 2787 1103 2848 anima,

397 2857 436 2908 da
450 2864 580 2917 umidam:
602 2873 746 2937 properat
755 2866 855 2918 uncte
866 2874 952 2913 nemo
961 2857 1045 2908 natin-
