2750 3450
348 350 380 403 82
638 348 853 397 maurianis

609 481 644 521 72.
668 478 709 521 Ad
728 478 881 521 Lauieiam.

347 573 397 626 Vis
408 572 488 637 futui,
497 588 548 625 neo
556 574 599 625 vis
609 589 724 637 mecum,
734 572 862 637 Lauieia,
872 573 978 627 lovari.

384 648 486 700 Nescio
498 650 572 716 quod
582 665 710 717 magnum
721 650 848 716 suspicor
857 664 919 700 esse
929 651 1028 705 nefas.

348 726 401 776 Aut
410 725 463 776 tibi
472 740 612 791 pannosae
623 726 742 792 pendent
752 740 769 774 a
778 729 890 790 pectore
899 740 1064 782 mammae:

386 806 434 851 aut
443 800 535 852 sulcos
546 802 618 851 uteri
627 802 744 867 prodere
753 799 828 851 nudo
838 801 936 851 times:

350 882 397 926 aut
408 875 517 926 infinito
528 876 647 926 lacerum
657 881 733 942 patet
742 877 844 942 inguen
854 873 950 926 hiotm

386 956 433 1003 out
445 952 550 1018 aliquid
561 951 643 1002 cunni
653 951 791 1017 prominet
801 966 849 1002 ore
858 951 910 1001 tui.

349 1025 402 1078 Sed
412 1025 481 1077 nihil
491 1033 533 1078 est
542 1025 650 1078 horum.
671 1022 770 1089 Ciedo,
781 1025 971 1093 pulcherrima
979 1029 1063 1081 nrrda
1073 1045 1111 1083 es.

386 1101 416 1153 Si
426 1118 519 1154 verum
530 1108 579 1165 est,
590 1103 686 1153 vitium
697 1103 775 1168 peius
786 1101 884 1153 habes:
900 1100 984 1155 latua
994 1118 1038 1157 es.

618 1210 653 1249 ii.
677 1207 709 1250 In
728 1206 877 1250 Phoebum.

439 1301 552 1353 Dormis
564 1318 624 1353 oum
641 1304 732 1369 pueris
744 1302 914 1367 mutoniatis,

440 1383 467 1428 et
476 1393 531 1428 non
541 1384 597 1428 stat
605 1379 666 1441 tibi,
675 1375 798 1441 Phoebe,
813 1378 887 1445 qood
898 1382 957 1429 stat
966 1378 1039 1431 illis.

441 1452 513 1514 Quid
523 1454 565 1504 vis
575 1470 627 1516 me,
638 1469 718 1521 rogo,
729 1452 848 1515 Phoebo,
859 1454 1019 1519 suspicari}

439 1527 554 1578 Mollem
565 1530 675 1579 credere
686 1535 714 1580 te
724 1530 813 1580 virum
823 1527 967 1579 volebam:

439 1604 488 1654 sed
499 1619 592 1656 rumor
601 1610 685 1671 negat
695 1619 755 1655 esse
764 1609 792 1655 te
802 1603 957 1655 cinaedum.

587 1713 622 1753 ยน14.
646 1709 677 1752 ln
697 1708 900 1763 Gargilianum.

347 1803 488 1856 Psilothro
500 1804 600 1856 faeiem
610 1806 704 1856 laevas
726 1810 755 1857 et
764 1806 884 1873 dropace
895 1803 1015 1858 calvam.

385 1880 524 1948 Numquid
535 1888 683 1944 tonsorem,
697 1879 867 1949 Gorgilinne,
877 1881 978 1933 timasi

350 1955 423 2015 Quid
434 1956 537 2007 iuoient
546 1955 667 2024 unguesi
686 1972 751 2007 nem
762 1962 834 2008 certe
844 1972 899 2008 nou
910 1962 993 2023 potes
1003 1959 1071 2012 illos

385 2033 484 2094 resina,
496 2031 601 2083 Veneto
613 2047 662 2082 neo
672 2048 798 2083 resecare
807 2033 877 2083 luto.

348 2106 459 2169 Desine,
470 2108 494 2157 si
504 2108 594 2172 pudor
604 2112 653 2168 est,
665 2109 792 2158 miseram
803 2107 947 2160 traducere
958 2109 1078 2162 calvam:

385 2180 438 2232 hoo
449 2182 509 2231 lieri
519 2197 616 2244 cunno,
629 2181 798 2249 Gurom'liane
811 2184 890 2235 solet.

608 2291 642 2329 15.
669 2288 699 2329 ln
720 2289 881 2343 Lupercum.

349 2368 437 2431 Stare,
448 2368 581 2435 Luperco,
592 2371 644 2421 tibi
655 2372 711 2420 iam
722 2372 827 2437 pridem
837 2369 961 2421 mentula
971 2371 1059 2424 desita

385 2445 497 2495 luctaris
510 2446 619 2496 demens
628 2454 659 2496 tu
669 2453 761 2498 tunren
775 2448 904 2513 arrigere.

348 2517 401 2569 Sed
413 2519 482 2570 nihil
493 2536 590 2572 emmae
600 2522 715 2582 faciunt,
726 2522 856 2589 bulbique
866 2522 988 2585 salaees3

385 2596 511 2661 improba
521 2614 571 2649 nec
581 2604 697 2664 prosunt
707 2599 762 2648 iam
772 2598 896 2649 satureia
904 2597 967 2648 tihi.

348 2670 471 2736 Coepisti
481 2687 564 2736 puras
576 2675 674 2739 opibus
685 2689 858 2740 eorrumpere
867 2672 984 2724 buccas:

379 2747 424 2795 sie
434 2761 544 2814 quoque
555 2764 611 2800 uon
622 2750 692 2800 vluit
701 2748 855 2799 sollicitata
863 2746 983 2798 Venusia

324 2818 435 2872 JlIJ'reri
445 2825 519 2877 satis
531 2824 587 2880 hoc
600 2827 765 2896 quisquam,
775 2825 822 2876 rel
831 2823 945 2874 eredere
952 2825 1059 2883 posim,

356 2911 437 2962 qnae
445 2917 510 2956 nou
523 2912 595 2974 stat,
609 2921 720 2976 magno
732 2891 1059 2965 starulmperoetibbb
