<?xml version="1.0" encoding="UTF-8"?>
<!DOCTYPE html PUBLIC "-//W3C//DTD XHTML 1.0 Transitional//EN"
    "http://www.w3.org/TR/xhtml1/DTD/xhtml1-transitional.dtd">
<html xmlns="http://www.w3.org/1999/xhtml" xml:lang="en" lang="en">
 <head>
  <title>
</title>
<meta http-equiv="Content-Type" content="text/html;charset=utf-8" />
  <meta name='ocr-system' content='tesseract 3.04.00' />
  <meta name='ocr-capabilities' content='ocr_page ocr_carea ocr_par ocr_line ocrx_word'/>
</head>
<body>
  <div class='ocr_page' id='page_1' title='image "./mvaleriimartial03martgoog_0329.png"; bbox 0 0 2750 3450; ppageno 0'>
   <div class='ocr_carea' id='block_1_1' title="bbox 309 362 811 417">
    <p class='ocr_par' dir='ltr' id='par_1_1' title="bbox 309 362 811 417">
     <span class='ocr_line' id='line_1_1' title="bbox 309 362 811 417; baseline -0.012 -1"><span class='ocrx_word' id='word_1_1' title='bbox 309 365 359 417; x_wconf 79' lang='lat'><strong>320</strong></span> <span class='ocrx_word' id='word_1_2' title='bbox 595 362 811 410; x_wconf 68' lang='lat' dir='ltr'><strong>mnasilus</strong></span> 
     </span>
    </p>
   </div>
   <div class='ocr_carea' id='block_1_2' title="bbox 308 485 1068 782">
    <p class='ocr_par' dir='ltr' id='par_1_2' title="bbox 308 485 1001 629">
     <span class='ocr_line' id='line_1_2' title="bbox 308 485 1001 554; baseline -0.006 -11"><span class='ocrx_word' id='word_1_3' title='bbox 308 486 407 542; x_wconf 80' lang='lat' dir='ltr'><strong>l’edisl</strong></span> <span class='ocrx_word' id='word_1_4' title='bbox 426 485 583 539; x_wconf 89' lang='lat' dir='ltr'><strong>dissimulo:</strong></span> <span class='ocrx_word' id='word_1_5' title='bbox 598 487 755 554; x_wconf 80' lang='lat' dir='ltr'><strong>gemmavis</strong></span> <span class='ocrx_word' id='word_1_6' title='bbox 767 485 877 538; x_wconf 78' lang='lat' dir='ltr'><strong>luderel</strong></span> <span class='ocrx_word' id='word_1_7' title='bbox 895 488 1001 542; x_wconf 77' lang='lat' dir='ltr'><strong>vincon</strong></span> 
     </span>
     <span class='ocr_line' id='line_1_3' title="bbox 346 560 964 629; baseline -0.003 -14"><span class='ocrx_word' id='word_1_8' title='bbox 346 563 400 615; x_wconf 88' lang='lat' dir='ltr'><strong>Res</strong></span> <span class='ocrx_word' id='word_1_9' title='bbox 410 577 464 614; x_wconf 89' lang='lat' dir='ltr'><strong>una</strong></span> <span class='ocrx_word' id='word_1_10' title='bbox 475 567 524 624; x_wconf 86' lang='lat' dir='ltr'><strong>est,</strong></span> <span class='ocrx_word' id='word_1_11' title='bbox 535 561 593 612; x_wconf 91' lang='lat' dir='ltr'><strong>sine</strong></span> <span class='ocrx_word' id='word_1_12' title='bbox 602 576 645 612; x_wconf 89' lang='lat' dir='ltr'><strong>me</strong></span> <span class='ocrx_word' id='word_1_13' title='bbox 657 576 738 629; x_wconf 87' lang='lat' dir='ltr'><strong>quam</strong></span> <span class='ocrx_word' id='word_1_14' title='bbox 747 560 826 624; x_wconf 82' lang='lat' dir='ltr'><strong>fecis,</strong></span> <span class='ocrx_word' id='word_1_15' title='bbox 838 567 865 612; x_wconf 91' lang='lat' dir='ltr'><strong>et</strong></span> <span class='ocrx_word' id='word_1_16' title='bbox 873 568 964 615; x_wconf 88' lang='lat' dir='ltr'><strong>taceo.</strong></span> 
     </span>
    </p>

    <p class='ocr_par' dir='ltr' id='par_1_3' title="bbox 308 634 1068 782">
     <span class='ocr_line' id='line_1_4' title="bbox 308 634 1068 706; baseline -0.003 -13"><span class='ocrx_word' id='word_1_17' title='bbox 308 639 355 693; x_wconf 88' lang='lat' dir='ltr'><strong>Nil</strong></span> <span class='ocrx_word' id='word_1_18' title='bbox 364 646 456 691; x_wconf 87' lang='lat' dir='ltr'><strong>tamen</strong></span> <span class='ocrx_word' id='word_1_19' title='bbox 468 638 578 688; x_wconf 89' lang='lat' dir='ltr'><strong>omnino</strong></span> <span class='ocrx_word' id='word_1_20' title='bbox 589 641 714 702; x_wconf 78' lang='lat' dir='ltr'><strong>praestas</strong></span> <span class='ocrx_word' id='word_1_21' title='bbox 723 634 800 687; x_wconf 81' lang='lat' dir='ltr'><strong>mihi.</strong></span> <span class='ocrx_word' id='word_1_22' title='bbox 819 635 957 701; x_wconf 86' lang='lat' dir='ltr'><strong>Mortuus,</strong></span> <span class='ocrx_word' id='word_1_23' title='bbox 967 639 1068 706; x_wconf 82' lang='lat' dir='ltr'><strong>inquis,</strong></span> 
     </span>
     <span class='ocr_line' id='line_1_5' title="bbox 347 709 959 782; baseline -0.007 -15"><span class='ocrx_word' id='word_1_24' title='bbox 347 714 482 782; x_wconf 86' lang='lat' dir='ltr'><strong>accipiam</strong></span> <span class='ocrx_word' id='word_1_25' title='bbox 490 712 607 764; x_wconf 83' lang='lat' dir='ltr'><strong>benete.</strong></span> <span class='ocrx_word' id='word_1_26' title='bbox 633 709 681 762; x_wconf 91' lang='lat' dir='ltr'><strong>Nil</strong></span> <span class='ocrx_word' id='word_1_27' title='bbox 690 711 768 763; x_wconf 82' lang='lat' dir='ltr'><strong>volo:</strong></span> <span class='ocrx_word' id='word_1_28' title='bbox 783 710 833 762; x_wconf 89' lang='lat' dir='ltr'><strong>sed</strong></span> <span class='ocrx_word' id='word_1_29' title='bbox 841 726 959 765; x_wconf 79' lang='lat' dir='ltr'><strong>uterere.</strong></span> 
     </span>
    </p>
   </div>
   <div class='ocr_carea' id='block_1_3' title="bbox 588 814 828 858">
    <p class='ocr_par' dir='ltr' id='par_1_4' title="bbox 588 814 828 858">
     <span class='ocr_line' id='line_1_6' title="bbox 588 814 828 858; baseline 0 0"><span class='ocrx_word' id='word_1_30' title='bbox 588 819 622 858; x_wconf 79' lang='lat' dir='ltr'><strong>ll.</strong></span> <span class='ocrx_word' id='word_1_31' title='bbox 646 815 678 858; x_wconf 90' lang='lat' dir='ltr'><strong>In</strong></span> <span class='ocrx_word' id='word_1_32' title='bbox 699 814 828 858; x_wconf 76' lang='lat' dir='ltr'><strong>Tuccam.</strong></span> 
     </span>
    </p>
   </div>
   <div class='ocr_carea' id='block_1_4' title="bbox 309 910 973 1460">
    <p class='ocr_par' dir='ltr' id='par_1_5' title="bbox 309 910 973 1460">
     <span class='ocr_line' id='line_1_7' title="bbox 382 910 973 978; baseline -0.003 -12"><span class='ocrx_word' id='word_1_33' title='bbox 382 913 446 966; x_wconf 88' lang='lat' dir='ltr'><strong>Nou</strong></span> <span class='ocrx_word' id='word_1_34' title='bbox 456 918 505 975; x_wconf 76' lang='lat' dir='ltr'><strong>est,</strong></span> <span class='ocrx_word' id='word_1_35' title='bbox 517 913 619 975; x_wconf 63' lang='lat' dir='ltr'><strong>hoca,</strong></span> <span class='ocrx_word' id='word_1_36' title='bbox 629 910 708 972; x_wconf 85' lang='lat' dir='ltr'><strong>satis,</strong></span> <span class='ocrx_word' id='word_1_37' title='bbox 719 910 793 976; x_wconf 88' lang='lat' dir='ltr'><strong>quod</strong></span> <span class='ocrx_word' id='word_1_38' title='bbox 804 925 833 960; x_wconf 90' lang='lat' dir='ltr'><strong>es</strong></span> <span class='ocrx_word' id='word_1_39' title='bbox 843 911 973 978; x_wconf 69' lang='lat' dir='ltr'><strong>gulcsw</strong></span> 
     </span>
     <span class='ocr_line' id='line_1_8' title="bbox 383 985 806 1053; baseline -0.014 -12"><span class='ocrx_word' id='word_1_40' title='bbox 383 996 411 1041; x_wconf 90' lang='lat' dir='ltr'><strong>et</strong></span> <span class='ocrx_word' id='word_1_41' title='bbox 420 989 476 1041; x_wconf 87' lang='lat' dir='ltr'><strong>dici</strong></span> <span class='ocrx_word' id='word_1_42' title='bbox 488 987 574 1053; x_wconf 86' lang='lat' dir='ltr'><strong>cupis,</strong></span> <span class='ocrx_word' id='word_1_43' title='bbox 584 990 612 1036; x_wconf 90' lang='lat' dir='ltr'><strong>et</strong></span> <span class='ocrx_word' id='word_1_44' title='bbox 622 985 699 1052; x_wconf 88' lang='lat' dir='ltr'><strong>cupis</strong></span> <span class='ocrx_word' id='word_1_45' title='bbox 709 985 806 1036; x_wconf 84' lang='lat' dir='ltr'><strong>videri.</strong></span> 
     </span>
     <span class='ocr_line' id='line_1_9' title="bbox 485 1089 921 1133; baseline -0.007 0"><span class='ocrx_word' id='word_1_46' title='bbox 485 1095 520 1133; x_wconf 74' lang='lat'><strong>42.</strong></span> <span class='ocrx_word' id='word_1_47' title='bbox 543 1090 584 1131; x_wconf 89' lang='lat' dir='ltr'><strong>De</strong></span> <span class='ocrx_word' id='word_1_48' title='bbox 604 1089 780 1132; x_wconf 70' lang='lat' dir='ltr'><strong>Callistrato</strong></span> <span class='ocrx_word' id='word_1_49' title='bbox 798 1093 826 1131; x_wconf 89' lang='lat' dir='ltr'><strong>et</strong></span> <span class='ocrx_word' id='word_1_50' title='bbox 845 1089 921 1132; x_wconf 75' lang='lat' dir='ltr'><strong>¹liro.</strong></span> 
     </span>
     <span class='ocr_line' id='line_1_10' title="bbox 309 1169 923 1241; baseline -0.008 -12"><span class='ocrx_word' id='word_1_51' title='bbox 309 1176 446 1229; x_wconf 86' lang='lat' dir='ltr'><strong>Barbatus</strong></span> <span class='ocrx_word' id='word_1_52' title='bbox 455 1173 545 1241; x_wconf 83' lang='lat' dir='ltr'><strong>rigido</strong></span> <span class='ocrx_word' id='word_1_53' title='bbox 555 1172 648 1238; x_wconf 81' lang='lat' dir='ltr'><strong>nupsit</strong></span> <span class='ocrx_word' id='word_1_54' title='bbox 661 1171 835 1223; x_wconf 77' lang='lat' dir='ltr'><strong>Callistratus</strong></span> <span class='ocrx_word' id='word_1_55' title='bbox 845 1169 923 1235; x_wconf 69' lang='lat' dir='ltr'><strong>Afro,</strong></span> 
     </span>
     <span class='ocr_line' id='line_1_11' title="bbox 347 1247 891 1317; baseline -0.011 -14"><span class='ocrx_word' id='word_1_56' title='bbox 347 1251 399 1302; x_wconf 86' lang='lat' dir='ltr'><strong>hac</strong></span> <span class='ocrx_word' id='word_1_57' title='bbox 408 1264 463 1317; x_wconf 84' lang='lat' dir='ltr'><strong>qua</strong></span> <span class='ocrx_word' id='word_1_58' title='bbox 472 1249 532 1316; x_wconf 80' lang='lat' dir='ltr'><strong>lege</strong></span> <span class='ocrx_word' id='word_1_59' title='bbox 541 1248 602 1299; x_wconf 80' lang='lat' dir='ltr'><strong>viru</strong></span> <span class='ocrx_word' id='word_1_60' title='bbox 612 1247 715 1298; x_wconf 83' lang='lat' dir='ltr'><strong>nubere</strong></span> <span class='ocrx_word' id='word_1_61' title='bbox 724 1247 801 1315; x_wconf 83' lang='lat' dir='ltr'><strong>virgo</strong></span> <span class='ocrx_word' id='word_1_62' title='bbox 811 1247 891 1298; x_wconf 84' lang='lat' dir='ltr'><strong>solet.</strong></span> 
     </span>
     <span class='ocr_line' id='line_1_12' title="bbox 309 1320 952 1385; baseline -0.006 -7"><span class='ocrx_word' id='word_1_63' title='bbox 309 1326 473 1379; x_wconf 79' lang='lat' dir='ltr'><strong>Praeluxere</strong></span> <span class='ocrx_word' id='word_1_64' title='bbox 483 1322 567 1385; x_wconf 84' lang='lat' dir='ltr'><strong>iaces,</strong></span> <span class='ocrx_word' id='word_1_65' title='bbox 577 1322 703 1374; x_wconf 83' lang='lat' dir='ltr'><strong>velarunt</strong></span> <span class='ocrx_word' id='word_1_66' title='bbox 712 1320 838 1373; x_wconf 78' lang='lat' dir='ltr'><strong>flammea</strong></span> <span class='ocrx_word' id='word_1_67' title='bbox 847 1322 952 1374; x_wconf 78' lang='lat' dir='ltr'><strong>vultus:</strong></span> 
     </span>
     <span class='ocr_line' id='line_1_13' title="bbox 346 1395 934 1460; baseline -0.007 -8"><span class='ocrx_word' id='word_1_68' title='bbox 346 1406 454 1452; x_wconf 87' lang='lat' dir='ltr'><strong>nectua</strong></span> <span class='ocrx_word' id='word_1_69' title='bbox 465 1397 607 1449; x_wconf 80' lang='lat' dir='ltr'><strong>deluemnt</strong></span> <span class='ocrx_word' id='word_1_70' title='bbox 616 1397 709 1460; x_wconf 82' lang='lat' dir='ltr'><strong>verba,</strong></span> <span class='ocrx_word' id='word_1_71' title='bbox 719 1395 861 1457; x_wconf 82' lang='lat' dir='ltr'><strong>Thalasse‚</strong></span> <span class='ocrx_word' id='word_1_72' title='bbox 870 1397 934 1448; x_wconf 86' lang='lat' dir='ltr'><strong>tibi.</strong></span> 
     </span>
    </p>
   </div>
   <div class='ocr_carea' id='block_1_5' title="bbox 309 1469 1060 1614">
    <p class='ocr_par' dir='ltr' id='par_1_6' title="bbox 309 1469 1060 1614">
     <span class='ocr_line' id='line_1_14' title="bbox 309 1469 1060 1535; baseline -0.003 -7"><span class='ocrx_word' id='word_1_73' title='bbox 309 1475 369 1528; x_wconf 85' lang='lat' dir='ltr'><strong>Dos</strong></span> <span class='ocrx_word' id='word_1_74' title='bbox 380 1476 462 1526; x_wconf 85' lang='lat' dir='ltr'><strong>etiam</strong></span> <span class='ocrx_word' id='word_1_75' title='bbox 473 1473 547 1524; x_wconf 86' lang='lat' dir='ltr'><strong>dicta</strong></span> <span class='ocrx_word' id='word_1_76' title='bbox 558 1477 607 1523; x_wconf 90' lang='lat' dir='ltr'><strong>est.</strong></span> <span class='ocrx_word' id='word_1_77' title='bbox 627 1470 754 1524; x_wconf 87' lang='lat' dir='ltr'><strong>Nondum</strong></span> <span class='ocrx_word' id='word_1_78' title='bbox 765 1472 826 1535; x_wconf 84' lang='lat' dir='ltr'><strong>tibi,</strong></span> <span class='ocrx_word' id='word_1_79' title='bbox 840 1469 938 1535; x_wconf 78' lang='lat' dir='ltr'><strong>Roma,</strong></span> <span class='ocrx_word' id='word_1_80' title='bbox 948 1472 1060 1526; x_wconf 83' lang='lat' dir='ltr'><strong>videtur</strong></span> 
     </span>
     <span class='ocr_line' id='line_1_15' title="bbox 346 1546 992 1614; baseline -0.008 -11"><span class='ocrx_word' id='word_1_81' title='bbox 346 1550 400 1603; x_wconf 85' lang='lat' dir='ltr'><strong>hoc</strong></span> <span class='ocrx_word' id='word_1_82' title='bbox 409 1547 494 1601; x_wconf 71' lang='lat' dir='ltr'><strong>satist</strong></span> <span class='ocrx_word' id='word_1_83' title='bbox 513 1552 656 1614; x_wconf 78' lang='lat' dir='ltr'><strong>exspectas</strong></span> <span class='ocrx_word' id='word_1_84' title='bbox 665 1547 796 1614; x_wconf 86' lang='lat' dir='ltr'><strong>numquid</strong></span> <span class='ocrx_word' id='word_1_85' title='bbox 806 1558 836 1597; x_wconf 90' lang='lat' dir='ltr'><strong>ut</strong></span> <span class='ocrx_word' id='word_1_86' title='bbox 845 1552 873 1597; x_wconf 89' lang='lat' dir='ltr'><strong>et</strong></span> <span class='ocrx_word' id='word_1_87' title='bbox 882 1546 992 1614; x_wconf 79' lang='lat' dir='ltr'><strong>parieti</strong></span> 
     </span>
    </p>
   </div>
   <div class='ocr_carea' id='block_1_6' title="bbox 573 1648 836 1694">
    <p class='ocr_par' dir='ltr' id='par_1_7' title="bbox 573 1648 836 1694">
     <span class='ocr_line' id='line_1_16' title="bbox 573 1648 836 1694; baseline 0 0"><span class='ocrx_word' id='word_1_88' title='bbox 573 1656 607 1694; x_wconf 78' lang='lat'><strong>43.</strong></span> <span class='ocrx_word' id='word_1_89' title='bbox 633 1649 664 1693; x_wconf 89' lang='lat' dir='ltr'><strong>ln</strong></span> <span class='ocrx_word' id='word_1_90' title='bbox 683 1648 836 1694; x_wconf 73' lang='lat' dir='ltr'><strong>Sabellum</strong></span> 
     </span>
    </p>
   </div>
   <div class='ocr_carea' id='block_1_7' title="bbox 309 1728 979 2531">
    <p class='ocr_par' dir='ltr' id='par_1_8' title="bbox 399 1728 913 2096">
     <span class='ocr_line' id='line_1_17' title="bbox 399 1728 836 1784; baseline -0.009 0"><span class='ocrx_word' id='word_1_91' title='bbox 399 1732 545 1784; x_wconf 89' lang='lat' dir='ltr'><strong>Facundos</strong></span> <span class='ocrx_word' id='word_1_92' title='bbox 555 1728 623 1781; x_wconf 89' lang='lat' dir='ltr'><strong>mihi</strong></span> <span class='ocrx_word' id='word_1_93' title='bbox 633 1730 666 1781; x_wconf 90' lang='lat' dir='ltr'><strong>de</strong></span> <span class='ocrx_word' id='word_1_94' title='bbox 674 1729 836 1783; x_wconf 82' lang='lat' dir='ltr'><strong>libidinosis</strong></span> 
     </span>
     <span class='ocr_line' id='line_1_18' title="bbox 400 1803 873 1874; baseline -0.008 -16"><span class='ocrx_word' id='word_1_95' title='bbox 400 1807 493 1874; x_wconf 83' lang='lat' dir='ltr'><strong>legisti</strong></span> <span class='ocrx_word' id='word_1_96' title='bbox 502 1806 624 1869; x_wconf 86' lang='lat' dir='ltr'><strong>nimium,</strong></span> <span class='ocrx_word' id='word_1_97' title='bbox 638 1803 756 1867; x_wconf 84' lang='lat' dir='ltr'><strong>Sabelle,</strong></span> <span class='ocrx_word' id='word_1_98' title='bbox 766 1819 873 1856; x_wconf 84' lang='lat' dir='ltr'><strong>versus:</strong></span> 
     </span>
     <span class='ocr_line' id='line_1_19' title="bbox 402 1879 906 1950; baseline -0.004 -18"><span class='ocrx_word' id='word_1_99' title='bbox 402 1881 495 1950; x_wconf 87' lang='lat' dir='ltr'><strong>quales</strong></span> <span class='ocrx_word' id='word_1_100' title='bbox 506 1897 556 1933; x_wconf 90' lang='lat' dir='ltr'><strong>nec</strong></span> <span class='ocrx_word' id='word_1_101' title='bbox 566 1880 680 1947; x_wconf 84' lang='lat' dir='ltr'><strong>Didymi</strong></span> <span class='ocrx_word' id='word_1_102' title='bbox 690 1879 780 1930; x_wconf 88' lang='lat' dir='ltr'><strong>sciunt</strong></span> <span class='ocrx_word' id='word_1_103' title='bbox 789 1879 906 1945; x_wconf 88' lang='lat' dir='ltr'><strong>puellae,</strong></span> 
     </span>
     <span class='ocr_line' id='line_1_20' title="bbox 401 1953 873 2021; baseline -0.008 -13"><span class='ocrx_word' id='word_1_104' title='bbox 401 1972 451 2008; x_wconf 89' lang='lat' dir='ltr'><strong>nec</strong></span> <span class='ocrx_word' id='word_1_105' title='bbox 461 1957 557 2007; x_wconf 88' lang='lat' dir='ltr'><strong>molles</strong></span> <span class='ocrx_word' id='word_1_106' title='bbox 568 1953 766 2021; x_wconf 84' lang='lat' dir='ltr'><strong>Elephantidos</strong></span> <span class='ocrx_word' id='word_1_107' title='bbox 776 1954 873 2005; x_wconf 85' lang='lat' dir='ltr'><strong>libelli.</strong></span> 
     </span>
     <span class='ocr_line' id='line_1_21' title="bbox 402 2028 913 2096; baseline 0 -14"><span class='ocrx_word' id='word_1_108' title='bbox 402 2031 470 2083; x_wconf 89' lang='lat' dir='ltr'><strong>Sunt</strong></span> <span class='ocrx_word' id='word_1_109' title='bbox 479 2031 539 2081; x_wconf 90' lang='lat' dir='ltr'><strong>illic</strong></span> <span class='ocrx_word' id='word_1_110' title='bbox 549 2029 663 2081; x_wconf 90' lang='lat' dir='ltr'><strong>Veneris</strong></span> <span class='ocrx_word' id='word_1_111' title='bbox 674 2044 763 2080; x_wconf 88' lang='lat' dir='ltr'><strong>novae</strong></span> <span class='ocrx_word' id='word_1_112' title='bbox 773 2028 885 2096; x_wconf 83' lang='lat' dir='ltr'><strong>figurae,</strong></span> <span class='ocrx_word' id='word_1_113' title='bbox 908 2070 913 2082; x_wconf 87' lang='lat'><strong>.</strong></span> 
     </span>
    </p>

    <p class='ocr_par' dir='ltr' id='par_1_9' title="bbox 309 2102 979 2531">
     <span class='ocr_line' id='line_1_22' title="bbox 309 2102 866 2172; baseline -0.007 -15"><span class='ocrx_word' id='word_1_114' title='bbox 309 2105 314 2114; x_wconf 90' lang='lat'>&#39;</span> <span class='ocrx_word' id='word_1_115' title='bbox 361 2137 368 2143; x_wconf 89' lang='lat'><em>·</em></span> <span class='ocrx_word' id='word_1_116' title='bbox 402 2107 496 2172; x_wconf 83' lang='lat' dir='ltr'><strong>quales</strong></span> <span class='ocrx_word' id='word_1_117' title='bbox 507 2106 628 2171; x_wconf 90' lang='lat' dir='ltr'><strong>perditus</strong></span> <span class='ocrx_word' id='word_1_118' title='bbox 640 2102 866 2154; x_wconf 82' lang='lat' dir='ltr'><strong>audeatlututor:</strong></span> 
     </span>
     <span class='ocr_line' id='line_1_23' title="bbox 401 2178 901 2247; baseline -0.002 -16"><span class='ocrx_word' id='word_1_119' title='bbox 401 2185 540 2247; x_wconf 84' lang='lat' dir='ltr'><strong>praestent</strong></span> <span class='ocrx_word' id='word_1_120' title='bbox 549 2187 576 2231; x_wconf 90' lang='lat' dir='ltr'><strong>et</strong></span> <span class='ocrx_word' id='word_1_121' title='bbox 585 2184 696 2230; x_wconf 85' lang='lat' dir='ltr'><strong>taceant</strong></span> <span class='ocrx_word' id='word_1_122' title='bbox 706 2178 772 2245; x_wconf 88' lang='lat' dir='ltr'><strong>quid</strong></span> <span class='ocrx_word' id='word_1_123' title='bbox 785 2178 901 2230; x_wconf 73' lang='lat' dir='ltr'><strong>exoletis</strong></span> 
     </span>
     <span class='ocr_line' id='line_1_24' title="bbox 401 2253 979 2322; baseline -0.002 -15"><span class='ocrx_word' id='word_1_124' title='bbox 401 2272 455 2322; x_wconf 91' lang='lat' dir='ltr'><strong>quo</strong></span> <span class='ocrx_word' id='word_1_125' title='bbox 467 2255 663 2322; x_wconf 80' lang='lat' dir='ltr'><strong>symplegmate</strong></span> <span class='ocrx_word' id='word_1_126' title='bbox 675 2255 793 2321; x_wconf 88' lang='lat' dir='ltr'><strong>quinque</strong></span> <span class='ocrx_word' id='word_1_127' title='bbox 804 2253 979 2320; x_wconf 81' lang='lat' dir='ltr'><strong>eoprrlentur3</strong></span> 
     </span>
     <span class='ocr_line' id='line_1_25' title="bbox 402 2331 855 2398; baseline -0.007 -17"><span class='ocrx_word' id='word_1_128' title='bbox 402 2346 456 2398; x_wconf 84' lang='lat' dir='ltr'><strong>qua</strong></span> <span class='ocrx_word' id='word_1_129' title='bbox 466 2331 556 2396; x_wconf 87' lang='lat' dir='ltr'><strong>plures</strong></span> <span class='ocrx_word' id='word_1_130' title='bbox 566 2334 710 2380; x_wconf 86' lang='lat' dir='ltr'><strong>teneantur</strong></span> <span class='ocrx_word' id='word_1_131' title='bbox 719 2343 735 2378; x_wconf 85' lang='lat' dir='ltr'><strong>a</strong></span> <span class='ocrx_word' id='word_1_132' title='bbox 747 2334 855 2391; x_wconf 84' lang='lat' dir='ltr'><strong>cateua3</strong></span> 
     </span>
     <span class='ocr_line' id='line_1_26' title="bbox 402 2404 933 2471; baseline -0.004 -16"><span class='ocrx_word' id='word_1_133' title='bbox 402 2408 562 2457; x_wconf 84' lang='lat' dir='ltr'><strong>exstinctam</strong></span> <span class='ocrx_word' id='word_1_134' title='bbox 573 2405 656 2455; x_wconf 85' lang='lat' dir='ltr'><strong>liceat</strong></span> <span class='ocrx_word' id='word_1_135' title='bbox 666 2404 731 2471; x_wconf 89' lang='lat' dir='ltr'><strong>quid</strong></span> <span class='ocrx_word' id='word_1_136' title='bbox 742 2405 777 2454; x_wconf 89' lang='lat' dir='ltr'><strong>ad</strong></span> <span class='ocrx_word' id='word_1_137' title='bbox 786 2404 933 2454; x_wconf 88' lang='lat' dir='ltr'><strong>lucernam.</strong></span> 
     </span>
     <span class='ocr_line' id='line_1_27' title="bbox 402 2479 876 2531; baseline -0.002 -2"><span class='ocrx_word' id='word_1_138' title='bbox 402 2481 486 2531; x_wconf 80' lang='lat' dir='ltr'><strong>&#39;lauti</strong></span> <span class='ocrx_word' id='word_1_139' title='bbox 496 2496 551 2530; x_wconf 85' lang='lat' dir='ltr'><strong>non</strong></span> <span class='ocrx_word' id='word_1_140' title='bbox 562 2486 622 2530; x_wconf 90' lang='lat' dir='ltr'><strong>erat</strong></span> <span class='ocrx_word' id='word_1_141' title='bbox 632 2495 691 2530; x_wconf 87' lang='lat' dir='ltr'><strong>esse</strong></span> <span class='ocrx_word' id='word_1_142' title='bbox 700 2485 728 2530; x_wconf 91' lang='lat' dir='ltr'><strong>te</strong></span> <span class='ocrx_word' id='word_1_143' title='bbox 737 2479 876 2529; x_wconf 87' lang='lat' dir='ltr'><strong>disertum.</strong></span> 
     </span>
    </p>
   </div>
   <div class='ocr_carea' id='block_1_8' title="bbox 561 2584 854 2628">
    <p class='ocr_par' dir='ltr' id='par_1_10' title="bbox 561 2584 854 2628">
     <span class='ocr_line' id='line_1_28' title="bbox 561 2584 854 2628; baseline -0.007 -1"><span class='ocrx_word' id='word_1_144' title='bbox 561 2589 595 2627; x_wconf 78' lang='lat'><strong>44.</strong></span> <span class='ocrx_word' id='word_1_145' title='bbox 620 2584 659 2625; x_wconf 80' lang='lat' dir='ltr'><strong>Aa</strong></span> <span class='ocrx_word' id='word_1_146' title='bbox 678 2584 710 2628; x_wconf 76' lang='lat' dir='ltr'><strong>ld.</strong></span> <span class='ocrx_word' id='word_1_147' title='bbox 729 2584 854 2627; x_wconf 77' lang='lat' dir='ltr'><strong>Unitum.</strong></span> 
     </span>
    </p>
   </div>
   <div class='ocr_carea' id='block_1_9' title="bbox 312 2660 1017 2956">
    <p class='ocr_par' dir='ltr' id='par_1_11' title="bbox 312 2660 1017 2804">
     <span class='ocr_line' id='line_1_29' title="bbox 312 2660 1017 2729; baseline 0.001 -16"><span class='ocrx_word' id='word_1_148' title='bbox 312 2663 405 2724; x_wconf 84' lang='lat' dir='ltr'><strong>Unice,</strong></span> <span class='ocrx_word' id='word_1_149' title='bbox 418 2668 535 2729; x_wconf 87' lang='lat' dir='ltr'><strong>cognato</strong></span> <span class='ocrx_word' id='word_1_150' title='bbox 546 2662 666 2712; x_wconf 89' lang='lat' dir='ltr'><strong>iunctum</strong></span> <span class='ocrx_word' id='word_1_151' title='bbox 677 2660 744 2711; x_wconf 91' lang='lat' dir='ltr'><strong>mihi</strong></span> <span class='ocrx_word' id='word_1_152' title='bbox 755 2661 887 2729; x_wconf 79' lang='lat' dir='ltr'><strong>sanguine</strong></span> <span class='ocrx_word' id='word_1_153' title='bbox 900 2675 1017 2714; x_wconf 77' lang='lat' dir='ltr'><strong>nomene</strong></span> 
     </span>
     <span class='ocr_line' id='line_1_30' title="bbox 350 2736 994 2804; baseline 0.005 -19"><span class='ocrx_word' id='word_1_154' title='bbox 350 2738 448 2802; x_wconf 84' lang='lat' dir='ltr'><strong>quique</strong></span> <span class='ocrx_word' id='word_1_155' title='bbox 459 2738 531 2804; x_wconf 85' lang='lat' dir='ltr'><strong>geris</strong></span> <span class='ocrx_word' id='word_1_156' title='bbox 542 2736 641 2787; x_wconf 89' lang='lat' dir='ltr'><strong>studiis</strong></span> <span class='ocrx_word' id='word_1_157' title='bbox 653 2737 737 2787; x_wconf 85' lang='lat' dir='ltr'><strong>corda</strong></span> <span class='ocrx_word' id='word_1_158' title='bbox 747 2736 901 2803; x_wconf 85' lang='lat' dir='ltr'><strong>propinqua</strong></span> <span class='ocrx_word' id='word_1_159' title='bbox 909 2738 994 2788; x_wconf 77' lang='lat' dir='ltr'><strong>meisa</strong></span> 
     </span>
    </p>

    <p class='ocr_par' dir='ltr' id='par_1_12' title="bbox 312 2808 938 2956">
     <span class='ocr_line' id='line_1_31' title="bbox 312 2808 900 2874; baseline 0 -12"><span class='ocrx_word' id='word_1_160' title='bbox 312 2811 434 2862; x_wconf 87' lang='lat' dir='ltr'><strong>carmina</strong></span> <span class='ocrx_word' id='word_1_161' title='bbox 443 2827 502 2862; x_wconf 89' lang='lat' dir='ltr'><strong>eum</strong></span> <span class='ocrx_word' id='word_1_162' title='bbox 514 2810 601 2861; x_wconf 82' lang='lat' dir='ltr'><strong>facias</strong></span> <span class='ocrx_word' id='word_1_163' title='bbox 612 2810 666 2861; x_wconf 89' lang='lat' dir='ltr'><strong>soli</strong></span> <span class='ocrx_word' id='word_1_164' title='bbox 677 2811 802 2861; x_wconf 85' lang='lat' dir='ltr'><strong>cedentia</strong></span> <span class='ocrx_word' id='word_1_165' title='bbox 810 2808 900 2874; x_wconf 78' lang='lat' dir='ltr'><strong>fratri,</strong></span> 
     </span>
     <span class='ocr_line' id='line_1_32' title="bbox 342 2886 938 2956; baseline 0.002 -20"><span class='ocrx_word' id='word_1_166' title='bbox 342 2890 458 2956; x_wconf 86' lang='lat' dir='ltr'><strong>pectore</strong></span> <span class='ocrx_word' id='word_1_167' title='bbox 468 2902 523 2939; x_wconf 87' lang='lat' dir='ltr'><strong>uon</strong></span> <span class='ocrx_word' id='word_1_168' title='bbox 533 2886 623 2938; x_wconf 89' lang='lat' dir='ltr'><strong>minor</strong></span> <span class='ocrx_word' id='word_1_169' title='bbox 634 2900 672 2950; x_wconf 88' lang='lat' dir='ltr'><strong>es,</strong></span> <span class='ocrx_word' id='word_1_170' title='bbox 682 2886 729 2938; x_wconf 88' lang='lat' dir='ltr'><strong>sed</strong></span> <span class='ocrx_word' id='word_1_171' title='bbox 740 2887 842 2954; x_wconf 88' lang='lat' dir='ltr'><strong>pietate</strong></span> <span class='ocrx_word' id='word_1_172' title='bbox 852 2886 938 2953; x_wconf 82' lang='lat' dir='ltr'><strong>prior.</strong></span> 
     </span>
    </p>
   </div>
   <div class='ocr_carea' id='block_1_10' title="bbox 0 0 1390 3450">
    <p class='ocr_par' dir='ltr' id='par_1_13' title="bbox 0 0 1390 3450">
     <span class='ocr_line' id='line_1_33' title="bbox 0 0 1390 3450; baseline 0 0"><span class='ocrx_word' id='word_1_173' title='bbox 0 0 1390 3450; x_wconf 95' lang='lat' dir='ltr'><strong> </strong></span> 
     </span>
    </p>
   </div>
  </div>
 </body>
</html>
