2750 3450
458 735 927 790 M.VAL.MART1AL18

295 863 1091 940 EPIGRAMMATUM

557 1010 823 1063 risusve

493 1248 511 1287 1.
536 1243 575 1284 Ad
593 1241 695 1284 lulium
714 1241 888 1288 urstisium.

405 1323 510 1394 Sextus
520 1343 637 1392 mittitur
646 1339 692 1392 hic
700 1341 752 1392 tiu
762 1340 882 1402 libellus,

402 1422 431 1471 iu
442 1418 536 1484 primis
545 1415 612 1466 mihi
623 1430 685 1467 care
694 1413 845 1467 Martialis:

404 1508 482 1561 quem
492 1493 517 1542 si
525 1491 636 1542 terseris
646 1505 711 1540 eure
722 1490 856 1556 diligenti,

403 1567 515 1619 audebit
524 1567 613 1617 minus
624 1566 721 1615 anxius
733 1571 908 1630 tremensque

403 1657 516 1711 magnas
527 1639 653 1690 Caesaris
662 1640 692 1690 in
701 1654 796 1690 manus
805 1639 908 1690 venire.

563 1750 583 1787 2.
608 1744 814 1787 Asinietoriun.

296 1824 385 1875 Lusus
396 1830 455 1875 erat
465 1838 559 1874 sacrae
571 1822 708 1873 connubia
723 1820 819 1873 fallere
837 1821 935 1874 tedaez

333 1900 407 1949 lusus
419 1905 446 1948 et
455 1898 605 1948 immeritos
616 1897 769 1947 exsecuisse
779 1910 877 1946 mares.

297 1975 415 2040 Utraque
425 1981 454 2022 tu
466 1970 602 2038 prohibes,
614 1970 723 2033 Caesar,
734 1969 898 2036 populisque
908 1970 1013 2026 futuris

333 2048 477 2108 succurris,
488 2047 564 2095 nasei
576 2061 644 2111 quos
655 2047 714 2096 siue
723 2044 818 2095 fraude
828 2044 916 2096 iubes.

296 2123 353 2175 Nee
363 2123 449 2189 spado
461 2121 526 2182 iam,
541 2135 592 2170 uec
603 2118 733 2171 moechus
748 2120 808 2182 erit,
822 2124 850 2169 te
864 2122 1005 2187 praeside,
1022 2123 1088 2191 quis·

784 2208 873 2260 quum.

333 2271 367 2322 st
376 2272 451 2337 prius
462 2272 491 2334 (ο
503 2267 618 2333 moreni)
629 2274 657 2320 et
665 2268 752 2335 spado
762 2266 892 2320 moechus
906 2275 976 2321 erut.

512 2378 532 2416 3.
557 2374 597 2415 Do
616 2372 683 2415 silio
703 2373 867 2415 Domiiiani.

298 2448 424 2512 Nascere,
436 2449 580 2502 Dardanio
591 2450 754 2516 promissum
764 2464 862 2499 numen
871 2448 943 2513 iulo,

334 2539 398 2575 vera
409 2525 487 2575 deum
498 2525 623 2576 suboles:
639 2538 760 2586 nascere,
770 2538 867 2591 magne
880 2538 959 2589 puer,

298 2599 341 2649 eui
352 2604 429 2664 pater
440 2605 564 2649 aeternas
575 2603 638 2664 post
648 2598 741 2649 secula
751 2599 845 2649 tradet
852 2596 991 2652 habenusz

328 2674 432 2741 quique
441 2690 524 2744 regas
536 2673 632 2727 orbem
642 2689 705 2725 euru
714 2674 823 2724 seruere
831 2686 924 2721 seuex.

272 2748 345 2815 Ipsa
357 2751 379 2801 ti
382 2752 412 2803 δι’
423 2754 511 2807 niveo
522 2749 621 2805 trahet
630 2766 720 2802 aureu
730 2748 838 2815 puiiies
845 2744 898 2792 idu

305 2835 339 2880 et
347 2834 444 2886 totam
455 2829 581 2902 Phryxi
591 2829 674 2882 iuria
681 2826 768 2878 nebit
782 2832 876 2872 uueui·

256 2877 322 2942 k
