2750 3450
457 309 507 361 aso
748 296 963 360 unn'rrsurs

378 472 382 479 .
458 436 500 487 De
511 436 661 502 quadrante
670 441 720 488 tuo
730 437 796 505 quid
806 452 919 503 sperem,
935 435 1059 489 Gallioel
1078 437 1160 492 Nullo

264 2891 385 2925 *a

496 512 529 562 de
539 518 633 563 nostro
644 512 725 563 uobis
735 514 816 564 uncia
825 513 900 562 veuit
910 527 986 578 apro.

554 621 588 658 50.
613 616 652 659 lle
671 624 737 669 toga
756 629 770 658 s
787 615 943 659 Parthenio
964 617 1019 659 sibi
1040 618 1155 663 dousts.

457 691 536 744 Haeo
545 699 587 743 ost
594 693 645 744 illa
654 693 723 744 mois
733 692 847 743 multum
857 699 968 744 cantata
977 693 1091 758 libellis,

496 782 576 833 quam
586 783 662 819 meus
672 768 788 818 edidicit
797 767 884 819 lector
894 774 1021 834 amatque
1031 775 1137 835 togam.

457 840 643 894 Partheniana
650 841 712 904 luit,
723 842 860 908 quondam
872 843 1051 894 memorabile
1061 845 1134 895 rutis

394 934 398 939 ·
494 932 603 968 munus:
616 918 646 967 iu
655 915 708 968 hac
717 917 791 967 ibam
802 917 1011 984 conspiciendus
1021 932 1120 984 eques.

458 991 522 1044 (lum
532 1005 614 1054 uoss,
623 992 688 1042 (lum
697 991 786 1041 nitida
795 991 918 1059 fulgebat
927 991 1074 1058 splendida
1082 992 1158 1056 lana,

495 1066 612 1132 dumque
622 1072 682 1116 orat
692 1067 813 1116 auctoris
823 1067 933 1117 nomine
943 1067 1028 1132 digna
1037 1067 1094 1116 sui:

458 1156 529 1191 nuno
538 1156 615 1204 auus,
625 1147 653 1191 et
660 1140 777 1191 tremulo
790 1141 838 1191 vix
847 1141 1009 1207 accipienda
1016 1141 1125 1204 tribuli,

495 1229 576 1281 quam
586 1216 677 1281 possis
686 1216 793 1266 niveam
804 1215 896 1267 (liuere
904 1217 965 1267 iure
973 1221 1033 1266 tuo.

457 1288 531 1350 Quid
540 1304 604 1352 nou,
614 1290 697 1357 longa
708 1290 775 1352 (lies,
786 1290 852 1356 quid
861 1306 917 1341 uon
928 1290 1099 1353 consumitis,
1110 1307 1160 1342 anu

492 1363 571 1414 llaec
579 1370 647 1431 toga
656 1365 712 1414 iam
721 1380 777 1415 uon
786 1371 829 1414 est
836 1362 1034 1415 Partheniaua=
1047 1380 1111 1417 mea
1121 1373 1160 1417 est

735 1456 769 1494 bl.
793 1451 823 1493 lu
843 1450 972 1492 osorum:

455 1527 595 1595 [ngenium
605 1527 681 1592 mihi,
693 1527 793 1592 Gauro,
803 1527 905 1594 probas
915 1527 956 1578 sio
966 1543 1026 1579 esse
1039 1530 1160 1595 pusilluu

495 1604 617 1655 carmina
627 1604 701 1672 quod
711 1603 821 1667 faciam,
834 1617 904 1670 quae
913 1602 1049 1654 brevitate
1058 1604 1160 1671 planen

456 1677 609 1731 Confiteor:
624 1678 672 1731 sod
682 1679 766 1731 tubis
777 1678 854 1730 dunis
864 1677 981 1746 grandia
990 1676 1069 1730 libris

495 1755 542 1822 qul
551 1754 650 1805 scribis
660 1753 763 1805 Priami
774 1754 889 1821 proelia,
899 1767 1013 1819 magnus
1027 1751 1113 1807 homo
1124 1771 1160 1807 es.

455 1826 515 1880 Nos
525 1827 640 1880 facimus
649 1829 730 1879 Bruti
742 1844 863 1895 puerum,
873 1842 925 1878 uos
934 1826 1052 1895 Lagona
1060 1830 1154 1882 vivum

492 1908 523 1953 tu
533 1918 646 1970 magnus
656 1903 767 1967 luteum,
780 1901 880 1966 Gauro,
892 1900 1013 1970 Giganta
1025 1902 1106 1955 fucis.

657 1994 692 2033 52.
717 1992 756 2032 Ds
775 1990 888 2032 Lucano
907 1997 934 2031 st
953 1987 1049 2031 Tullo.

457 2066 538 2129 Quod
548 2082 654 2133 semper
663 2083 778 2134 superos
786 2068 873 2120 invito
884 2066 969 2117 fratre
977 2068 1095 2134 rogasti,

492 2139 554 2205 hoo,
564 2141 684 2205 Lucane,
694 2143 747 2193 tibi
757 2143 881 2208 contigit,
892 2147 955 2191 suto
965 2144 1046 2192 mori.

454 2216 562 2267 Invidet
571 2217 618 2267 ille
626 2218 692 2268 tibi:
708 2216 820 2284 Stygias
829 2232 892 2266 uam
902 2216 999 2267 Tullus
1010 2217 1046 2268 ad
1055 2218 1147 2270 undas

494 2291 616 2359 optabat,
627 2293 752 2358 quamvis
761 2292 799 2343 sit
808 2292 906 2354 minor,
918 2292 959 2341 ire
969 2292 1055 2356 prior.

456 2366 500 2418 'l'u
512 2367 581 2418 colis
591 2366 713 2433 Elysios,
723 2366 896 2431 nemorisque
906 2364 1047 2417 habitator
1057 2381 1160 2419 amosa

493 2456 552 2492 osso
561 2446 609 2492 tuo
619 2442 737 2507 primum
748 2456 819 2492 nuuc
827 2441 887 2491 siue
896 2440 982 2491 lratrs
995 2442 1083 2507 cupis.

454 2514 491 2565 Et
500 2516 524 2567 si
534 2517 589 2566 iam
601 2516 696 2566 nitidis
707 2516 827 2567 alternus
836 2516 911 2566 vonit
920 2516 955 2566 ab
966 2516 1062 2578 astrls3

492 2605 543 2657 pro
553 2589 667 2642 Polluoo
676 2606 772 2642 moues
783 2591 909 2652 Castora,
918 2605 953 2641 ue
964 2590 1069 2641 redeat.

637 2682 671 2721 bt.
696 2678 737 2719 Ad
756 2679 906 2726 Quinetiam
925 2677 1065 2719 ovidium

529 2753 560 2805 si
570 2754 659 2807 credls
668 2752 745 2817 milri,
758 2753 882 2816 Quinote,
893 2753 981 2820 (quod
989 2755 1116 2820 mereris)

524 2828 642 2897 natales,
654 2829 747 2894 ovini,
759 2835 823 2880 tuos
833 2828 949 2895 Apriles,
