2750 3450
461 413 501 461 ΙΝ
517 413 688 460 PRIAPUM
709 415 837 462 LUSUS.
876 414 878 421 '
999 409 1048 462 395

366 551 516 603 causasque
525 528 629 587 inuenit
638 552 723 603 usque
733 535 887 588 differendi.

366 611 442 672 Quae
452 612 475 661 si
487 612 633 678 contigerit
643 610 757 661 fruenda
766 611 860 663 nobis:

363 691 450 737 totam
462 700 520 736 cum
532 686 650 752 paribus,
660 685 768 751 Priape,
779 684 882 736 nostris

364 761 501 828 cingemus
511 760 562 811 tihi
571 759 717 810 mentulam
728 760 847 811 coronis.

447 886 450 891 .
562 852 596 888 51.
616 847 746 901 Priapus.

295 906 369 968 Quid
379 904 432 958 boe
441 907 534 974 negoti
546 904 603 957 esti
623 921 710 972 quave
720 907 843 972 suspicer
853 920 937 957 causa

292 982 385 1034 venire
394 978 541 1032 in'hortum
552 981 684 1046 plurimos
693 996 782 1031 meum
791 979 874 1043 fures,

294 1072 364 1120 cum,
375 1056 498 1123 quisquis
508 1057 536 1106 in
546 1070 596 1105 nos
603 1054 709 1117 incidit,
719 1055 777 1106 inat
787 1070 898 1121 poenas,

295 1137 323 1183 et
332 1146 417 1197 usque
428 1146 525 1182 curvos
536 1137 682 1181 excavetur
692 1130 727 1180 ad
738 1127 862 1181 lumbos!

293 1203 357 1257 Non
366 1206 433 1256 ficus
443 1203 488 1255 hie
498 1209 539 1256 est
549 1204 728 1270 praeferenda
737 1204 853 1268 vicinae,
892 1226 896 1235 ·

294 1295 425 1348 uvaeque,
436 1280 530 1347 quales
541 1279 611 1330 flava
621 1280 690 1347 legit
698 1280 791 1330 Arete:

294 1370 350 1406 non
359 1354 434 1406 mala
443 1355 546 1405 truncis
557 1353 697 1405 afferenda
708 1354 825 1417 Picenis,

294 1444 433 1496 pyrumve,
443 1435 520 1480 tanto
533 1429 605 1494 quod
617 1429 739 1494 periculo
750 1433 852 1494 captes,

292 1504 434 1571 magisque
444 1518 507 1555 cera
516 1503 616 1553 luteum
626 1518 700 1554 nova
709 1518 832 1568 prunum,

292 1578 446 1642 sorbumve,
456 1583 562 1629 ventres
573 1577 694 1628 lubricos
704 1582 880 1628 moraturum.

293 1652 441 1721 Praesigne
451 1653 520 1703 rami
530 1667 580 1703 nec
588 1653 641 1702 mei
652 1650 742 1702 ferunt
751 1666 865 1715 mamm,

294 1743 423 1781 nucemve
433 1728 552 1795 longam,
564 1743 644 1794 quam
655 1733 756 1778 vocant
765 1726 927 1794 avellanam,

294 1803 511 1871 amygdalumve,
523 1802 589 1854 ilore
600 1817 735 1869 purpureo
746 1800 860 1868 fulgens.

292 1877 356 1930 Non
365 1878 546 1929 brassicarum
557 1876 615 1928 iero
626 1876 751 1944 gulosior
761 1876 861 1938 carries,

294 1954 415 2015 betasve,
427 1960 542 2019 quantas
552 1951 646 2003 hortus
657 1951 756 2001 educat
763 1950 862 2013 nulius,

294 2043 451 2079 crescensve
461 2042 567 2093 semper
575 2027 604 2076 in
615 2042 692 2076 suum
703 2031 785 2091 caput
793 2039 917 2091 porrum:

294 2117 345 2155 nec
354 2101 506 2153 seminosas
517 2101 552 2152 ml
562 2101 717 2152 mrcmbitas
728 2114 890 2167 quenquam,

296 2177 332 2228 ad
342 2191 531 2243 ocymumque,
543 2189 730 2226 cucumeresve
741 2172 814 2224 humi
824 2172 910 2235 fusos,

294 2252 396 2314 venire,
408 2251 499 2316 eredo,
510 2250 652 2301 sessilesve
662 2248 797 2299 lactucas:

294 2339 345 2377 nec
354 2331 385 2376 ut
394 2325 500 2377 salaces
510 2329 589 2376 nome
599 2322 681 2374 tollat
691 2338 795 2385 erucas,

295 2406 467 2467 mentumque
478 2400 604 2461 olentem,
616 2413 674 2449 cum
685 2396 841 2447 salubribus
851 2396 933 2447 rutis:

295 2490 405 2526 aureave
415 2489 506 2541 cepas,
517 2473 663 2538 aliiumque
672 2472 807 2523 fibrarum.

296 2549 489 2614 Quaecuncta,
499 2552 594 2599 nostro
604 2552 634 2597 ut
643 2547 794 2597 ambiamus
803 2545 834 2596 in
843 2549 932 2611 septo,

289 2636 351 2676 mon
361 2624 494 2691 pauciora
503 2622 622 2688 proximi
632 2620 722 2671 ierunt
731 2618 813 2672 horti.

241 2691 247 2702 ’
297 2698 402 2760 Quibus
412 2698 525 2759 relictis,
535 2696 565 2747 in
575 2693 641 2746 mihi
651 2695 806 2747 laboratum

295 2773 387 2826 iocum
396 2772 504 2833 venitis,
514 2770 710 2835 improbissimi
722 2769 805 2820 fines.

296 2847 430 2900 Nimirum
442 2852 563 2914 apertam
575 2845 728 2895 convolutis
738 2844 774 2895 ed
786 2856 915 2910 poenamr
989 2838 1000 2848 ''

297 2929 325 2975 et
334 2939 384 2975 vos
394 2922 448 2974 hoc
456 2922 556 2990 ipsum,
567 2919 642 2989 quod
650 2917 916 2983 minamumuuiiaae.

1092 2939 1102 3058 i
