2750 3450
425 394 739 443 arlaunmmsrum
770 397 841 443 ΜΒ.
873 398 913 443 lv.
1015 397 1063 446 1⁰5

273 523 305 568 tu
314 516 384 568 eolis
394 517 487 584 Argivi
496 533 615 585 regnum,
625 519 763 582 Faustina,
774 519 874 581 coloni,

313 607 367 657 quo
377 596 405 643 te
413 592 456 643 bis
468 593 587 644 decimus
597 593 672 644 ducit
682 594 716 644 ab
726 595 792 644 urbe
802 594 881 661 lapis.

274 664 399 716 Horrida
408 667 455 717 sed
465 665 569 717 fervent
578 667 707 718 Nemeaei
717 675 828 734 pectora
835 671 962 722 monstri:

313 741 440 792 necastis
451 747 499 803 est,
511 742 596 792 Baias
606 742 668 808 igne
679 743 767 794 ualere
777 760 837 794 suo.

274 812 350 880 Ergo
361 814 433 865 sueri
442 813 530 866 sontes
541 822 568 866 et
577 816 661 867 litora
670 823 748 884 grata
759 819 855 880 valete,

312 886 491 954 nympharum
501 891 612 956 pariter,
622 891 819 957 Nereidumque
830 892 934 942 domus.

274 961 428 1014 Herculeos
438 963 523 1016 eolles
533 965 625 1032 gelida
635 981 684 1016 vos
693 967 792 1016 vincite
801 966 906 1028 bruma,

313 1051 385 1088 nuno
394 1037 546 1090 Tiburtinis
557 1041 643 1091 cedite
653 1038 809 1106 frigoribus.

558 1131 591 1169 58.
615 1126 645 1167 ln
664 1124 781 1168 Gallam.

274 1203 434 1257 intenebris
444 1203 521 1270 luges
532 1203 668 1264 amissum,
680 1200 770 1264 Galla,
779 1203 914 1253 maritum.

312 1279 384 1332 Nam
393 1279 502 1346 plorare
512 1277 595 1344 pudet
603 1282 639 1340 te,
649 1275 818 1363 puta-Galla
827 1279 922 1328 virum.

431 1385 464 1425 59.
490 1380 529 1423 De
546 1381 643 1436 vipera
662 1378 770 1423 electro
789 1379 907 1424 inclusa.

274 1460 417 1513 Flentibus
425 1457 572 1509 Heliadum
581 1457 664 1507 ramis
675 1457 738 1508 dum
748 1457 842 1523 vipera
853 1459 933 1524 repit,

312 1534 392 1586 fluxit
399 1534 429 1584 in
439 1533 590 1584 obstantem
600 1533 711 1582 succina
720 1546 826 1598 gemma
835 1531 932 1584 feram:

276 1609 419 1678 quaedum
428 1608 542 1658 miratur
551 1606 644 1672 pingui
655 1621 684 1656 se
694 1621 756 1657 rore
766 1607 860 1670 teneri,

314 1688 440 1737 concreto
450 1681 535 1749 riguit
543 1681 634 1732 vineta
643 1684 752 1746 repente
762 1681 832 1747 gelu.

275 1759 317 1811 Ne
326 1760 378 1811 tibi
387 1756 474 1825 regali
483 1756 601 1821 placeas,
612 1754 767 1821 Cleopatra,
778 1755 917 1821 sepulcrm

313 1835 407 1901 vipera
416 1833 440 1884 si
450 1830 553 1881 tumulo
565 1829 701 1881 nobiliore
710 1829 790 1879 iacet.

544 1919 578 1959 60.
603 1917 640 1957 lle
661 1915 796 1958 Curiatio.

274 1999 365 2049 Ardea
374 1995 502 2057 solstitio,
514 1993 700 2059 Castranaque
709 2008 773 2044 rura
783 1997 917 2059 petantur,

314 2073 413 2138 quique
423 2069 560 2121 Cleonaeo
570 2068 659 2119 sidere
669 2067 755 2119 fervet
765 2083 842 2135 ager3

276 2162 337 2199 oum
347 2144 505 2196 Tiburtinas
516 2144 625 2194 damnet
635 2143 772 2194 Curiatius
782 2158 871 2205 auras,

312 2221 384 2271 inter
392 2219 519 2270 laudatas
529 2219 563 2269 ad
575 2216 660 2284 Styga
669 2218 769 2268 missus
780 2232 873 2283 aquas.

275 2293 361 2347 Nullo
372 2293 430 2344 fata
439 2294 502 2345 loeo
513 2293 604 2359 possis
614 2284 769 2343 excludere:
787 2307 846 2343 eum
858 2306 932 2343 mors

313 2369 425 2431 venerit,
435 2369 464 2418 in
473 2367 564 2417 medio
575 2367 676 2418 'libare
687 2365 816 2417 Sardinia
825 2370 874 2417 est.

534 2457 568 2497 dl.
591 2454 622 2496 ln
641 2455 803 2496 Menelaum.

350 2530 476 2581 Donasse
486 2532 601 2582 amioum
611 2529 663 2581 tibi
673 2532 796 2591 ducenta,
806 2528 942 2591 Manoine,
1016 2528 1026 2582 T?

349 2620 434 2671 nuper
443 2605 559 2671 superbo
570 2605 658 2655 laetus
669 2620 716 2655 ore
725 2603 844 2654 iactasti.

351 2678 471 2740 Quartus
481 2680 539 2730 dies
550 2684 599 2741 est,
610 2680 638 2728 in
649 2676 744 2728 schola
754 2682 895 2743 poetarum

350 2754 412 2804 dum
422 2752 584 2817 fabulamur,
595 2752 718 2805 millibus
728 2753 824 2805 desem
833 2751 909 2805 dixu

342 2831 429 2876 emtas
435 2826 564 2881 lacernas
573 2846 674 2885 munus
685 2847 750 2886 esse
758 2828 948 2901 Pompilium

328 2898 509 2965 sardonyche
519 2920 631 2977 rernm,
645 2911 798 2985 lineisque
807 2917 855 2967 ter
873 2907 1022 2963 alnetum,

1119 2781 1144 2908 l
