2750 3450
432 382 746 430 EPIGRAMMATUM
762 384 842 451 ¹lalll.
868 385 910 432 lv.
1015 385 1064 436 1⁰3

546 505 579 544 52.
603 501 635 544 ln
653 500 798 554 Hedylum.

273 576 388 630 Gestari
396 578 495 629 iunctis
504 578 559 628 nisi
569 579 680 641 desinis,
690 578 808 644 Hedyle,
822 581 924 646 capris:

314 654 361 718 qui
371 653 453 703 modo
464 653 531 703 licus
541 667 610 715 eras,
619 653 674 703 iani
686 653 830 718 caprificus
839 655 901 705 eris.

547 759 581 798 5³.
606 757 644 797 Ad
665 755 795 798 Cosmum.

274 833 366 895 Hunc,
378 847 455 898 quem
466 848 547 899 saepe
557 833 634 883 vides
642 833 716 882 inter
724 833 875 898 penetralia
888 838 997 885 nostrae

314 906 452 969 Pallados,
463 912 491 958 et
498 907 594 972 templi
603 906 707 968 limina,
718 905 824 969 cosme,
833 908 907 968 novi,

276 997 339 1033 cum
348 981 447 1032 baculo
458 995 576 1046 peraque
587 995 690 1031 senemr
707 981 751 1030 cui
761 996 830 1030 cana
839 982 978 1048 putrisque

313 1060 370 1106 stat
379 1069 466 1117 coma,
477 1060 504 1105 ct
512 1055 540 1105 in
551 1059 644 1121 pectus
654 1054 768 1105 sordida
777 1054 864 1104 barba
874 1055 960 1105 cadit:

276 1144 356 1180 cerea
367 1144 443 1194 quem
454 1129 519 1178 nodi
527 1129 596 1196 tegit
605 1143 675 1178 uxor
685 1128 778 1178 abolla
786 1129 903 1196 grabati,

315 1204 359 1253 cni
369 1203 416 1253 dat
424 1203 541 1253 latratos
552 1203 634 1254 obvia
643 1203 724 1253 turba
735 1202 823 1253 cibos:

276 1292 337 1328 esse
347 1283 426 1342 putas
437 1275 576 1342 Cynicum,
587 1278 715 1342 deceptos
724 1277 843 1343 imagine
852 1276 931 1328 falsa.

314 1349 377 1402 Non
388 1355 429 1401 est
438 1348 482 1401 hic
492 1350 618 1417 Cynicos,
630 1350 736 1401 Gosme.
762 1350 833 1411 Quid
844 1350 925 1418 ergol
945 1351 1035 1403 Canis.

438 1504 442 1511 ,
541 1458 575 1496 54.
599 1453 638 1496 Ad
659 1453 794 1498 colinum.

276 1530 299 1580 0
311 1530 355 1581 cni
365 1530 498 1596 'l'arpeias
507 1529 586 1580 licuit
595 1532 752 1598 contingere
763 1546 884 1596 quercus,

313 1609 340 1654 et
349 1604 459 1654 meritas
468 1604 556 1670 prima
566 1605 672 1671 cingere
682 1604 780 1656 fronde
793 1621 900 1657 cornasz

275 1679 300 1730 si
310 1678 393 1744 sapis,
403 1679 490 1730 utaris
499 1679 575 1742 totis,
587 1677 692 1743 coliae,
704 1679 808 1743 diebra,

312 1758 511 1820 extremumque
520 1754 572 1805 tihi
581 1767 687 1818 semper
696 1754 790 1804 adesse
800 1759 886 1820 putes.

273 1825 413 1877 Lanificas
423 1828 490 1878 nulli
499 1834 554 1879 tres
565 1843 679 1880 exorare
688 1828 794 1895 puellas

312 1902 439 1969 contigit:
458 1902 610 1966 observant,
622 1918 700 1969 quem
710 1907 837 1965 statuere,
848 1902 927 1953 diens.

274 1975 397 2027 Divitior
407 1975 512 2042 Crispo,
523 1975 645 2027 Thrasea
655 1977 824 2028 constantior
832 1976 904 2043 ipso,

310 2050 413 2101 lautior
423 2055 450 2101 et
458 2051 545 2101 nitido
557 2052 595 2101 sis
604 2050 719 2101 Meliore
729 2051 807 2101 liceta

273 2124 313 2175 nil
324 2125 410 2175 adicit
417 2140 501 2191 penso
512 2123 651 2188 Lachesis,
664 2124 794 2191 ircosque
805 2139 928 2176 sororum

311 2198 438 2265 explicat,
449 2204 476 2248 et
485 2214 590 2264 semper
599 2199 632 2249 de
642 2199 729 2250 tribus
740 2213 793 2250 una
802 2204 886 2250 secat.

548 2290 583 2329 55.
607 2285 648 2327 Ad
664 2285 785 2329 Lucium.

364 2358 443 2423 Luci,
453 2361 544 2427 gloria
552 2366 702 2428 temporum
712 2367 829 2424 tuorum,

364 2435 411 2500 qui
423 2433 534 2485 Graium
544 2440 668 2498 veterem,
679 2436 838 2501 Tagumque
847 2441 968 2487 nostrum

362 2509 442 2574 Arpis
452 2510 546 2561 cedere
556 2524 610 2560 non
620 2510 688 2560 sinis
702 2509 824 2572 disertis3

362 2582 477 2649 Argivas
487 2588 631 2650 generatus
640 2582 808 2644 internubes,

364 2654 474 2707 Thebas
485 2658 601 2708 ommino
612 2661 710 2719 cantet,
721 2661 768 2706 aut
775 2655 915 2721 Mycenas,

364 2736 412 2781 ant
421 2731 522 2782 claram
532 2730 658 2794 Rhodon,
670 2736 717 2780 aut
725 2730 889 2781 libidinosae

359 2804 485 2855 Ledaeas
493 2805 714 2860 Lacedaemonis
724 2806 895 2876 palaestras.

347 2875 410 2927 Nos
421 2877 507 2933 Celtis
514 2884 632 2949 genitos
644 2892 721 2940 etex
731 2885 826 2940 lheris
