2750 3450
309 353 341 404 28
600 352 813 402 MARTlALlS

564 477 598 518 68.
622 474 660 516 Ad
678 473 846 516 Choerilum.

311 551 395 602 Liber
407 549 489 602 homo
500 566 529 601 es
538 551 660 610 nimium,
671 552 741 601 dieis
752 549 826 612 mibi,
839 548 975 614 Choerile,
988 568 1066 620 semp

348 625 377 676 ln
388 632 414 676 te
425 627 472 692 qui
482 626 586 687 scribit,
599 624 735 688 Choerile,
745 625 815 676 liber
824 623 906 675 homo
918 633 966 675 est.

606 733 640 772 ot.
669 729 708 772 De
724 729 805 771 Rufo.

314 806 452 873 Quidquid
463 807 521 873 agit
530 803 624 868 Rufus,
635 803 706 856 nihil
718 811 760 856 est
769 805 822 855 nisi
832 803 937 855 Naevia
947 805 1028 859 Rufo.

350 879 380 932 Si
389 880 498 948 gaudet,
509 881 533 931 si
543 879 598 941 llet,
608 881 632 930 si
642 884 724 942 tacet,
734 877 804 929 hane
813 879 941 945 loquitur.

312 954 424 1018 coenat,
433 956 570 1021 propinat,
580 955 679 1021 poscit,
690 959 779 1020 negat,
789 953 890 1016 innuit,
911 969 965 1005 una
976 965 1018 1006 est

348 1028 466 1081 Naevia:
476 1030 499 1080 si
509 1045 564 1080 non
575 1030 612 1079 sit
620 1027 734 1090 Naevia,
745 1034 834 1079 mutus
845 1029 905 1078 erit.

311 1101 447 1155 Scriberet
455 1101 580 1154 hesterna
590 1103 662 1168 patri
672 1117 732 1153 cum
741 1103 801 1152 luce
810 1103 938 1153 salutem:

347 1176 373 1228 N
375 1178 454 1230 aevia
462 1178 520 1240 lux,
529 1178 626 1243 iuquit,
637 1174 662 1226 N
664 1177 751 1239 aevia,
761 1177 860 1240 lumen,
871 1192 929 1227 ave.

311 1251 389 1304 Haeo
398 1253 474 1320 legit,
485 1257 512 1302 et
519 1251 591 1302 ridet
601 1251 719 1302 demisso
730 1249 835 1302 Naevia
844 1252 928 1302 vultu.

347 1326 453 1378 Naevia
464 1341 518 1376 non
529 1341 584 1375 una
592 1332 645 1377 est:
661 1325 736 1392 quid,
746 1327 789 1377 vir
797 1327 897 1392 inepte,
907 1325 993 1377 furisl

569 1424 603 1464 io.
629 1420 840 1464 Auutaximum.

402 1497 508 1563 Coepit,
518 1496 647 1560 Maxime,
658 1496 734 1549 Paua
744 1514 813 1565 quae
823 1498 939 1560 solebat,

402 1587 473 1623 nunc
484 1573 625 1624 ostendere
636 1572 758 1634 Canium,
769 1573 910 1624 Terentos.

592 1669 626 1711 tt.
655 1667 694 1709 Ad
710 1666 819 1710 librum.

312 1741 389 1793 Vade
399 1742 560 1807 salutatum3
577 1760 627 1811 pro
638 1761 681 1795 me
690 1745 760 1795 liber
768 1745 809 1795 ire
821 1744 923 1795 iuberis

348 1817 383 1868 ad
393 1815 503 1868 Proculi
514 1819 617 1870 nitidos
629 1819 751 1871 officiose
765 1819 846 1869 lares.

313 1891 429 1953 Quaeris
438 1890 506 1943 iteri
526 1894 628 1944 dicam:
648 1894 765 1945 vicinum
777 1892 894 1943 Castora
905 1907 990 1943 canae

347 1967 477 2018 transibis
487 1965 596 2030 Vestae,
607 1968 809 2035 virgineamque
819 1968 937 2017 donnum.

311 2039 376 2091 lnde
387 2056 466 2091 sacro
476 2043 631 2092 veneranda
641 2046 716 2108 petes
726 2041 836 2092 Palatia
847 2041 928 2101 clivo,

348 2115 465 2181 plurima
476 2130 530 2181 qua
539 2117 635 2166 summi
646 2115 732 2181 fulget
739 2117 832 2182 imago
843 2116 930 2166 ducis.

311 2187 404 2239 Necte
416 2188 537 2240 detineat
545 2190 607 2240 min¹
617 2190 726 2240 radiata
734 2189 845 2240 Colossi

349 2278 419 2329 quae
429 2261 565 2314 Rhodium
576 2264 662 2315 moles
672 2264 780 2315 vincere
789 2265 891 2331 gaudet
902 2279 977 2329 opus.

311 2336 403 2387 Flecte
412 2339 471 2388 vias
484 2335 544 2401 hac,
555 2353 609 2404 qua
618 2337 721 2402 madidi
733 2344 796 2388 sunt
804 2345 877 2389 tecta
887 2337 984 2404 Lyaei,

349 2416 377 2463 et
386 2411 502 2477 Cybeles
512 2412 586 2478 picto
597 2418 654 2463 stat
663 2412 818 2479 Corybante
828 2411 928 2464 tholus.

311 2484 439 2536 Protinus
451 2502 468 2535 a
476 2486 556 2537 laeva
565 2488 632 2538 clari
643 2487 694 2538 tibi
704 2486 794 2539 fronte
804 2488 920 2538 Penates

349 2561 473 2626 atriaque
483 2562 592 2613 excelsa
601 2569 663 2613 sunt
673 2562 799 2613 adeunda
808 2562 912 2614 domus.

311 2632 392 2685 Hanc
403 2640 477 2700 pete:
493 2651 525 2687 ne
535 2644 640 2688 metuas
650 2636 738 2688 fastus
748 2637 883 2703 limenque
893 2635 1052 2701 superbum:

349 2709 425 2759 nulla
435 2711 522 2775 magis
533 2717 592 2762 toto
603 2713 687 2761 ianua
698 2718 776 2777 poste
786 2717 873 2783 patet3

311 2795 361 2833 nce
372 2784 485 2849 propior
495 2799 575 2850 quam
586 2784 713 2837 Phoebus
728 2792 810 2848 amat,
821 2785 971 2850 doctaeque
982 2798 1064 2835 soror

349 2855 378 2907 Si
389 2857 470 2920 dicet,
483 2857 572 2918 Quare
582 2876 636 2911 nou
647 2869 737 2910 tamen
747 2862 806 2926 ipse
815 2858 905 2910 reniti
