2750 3450
382 383 432 435 198
502 336 507 357 ¹
670 384 886 431 maurianis

382 509 442 575 lpse
452 509 496 559 sui
505 512 644 574 spectator
654 508 740 573 adest,
751 514 779 560 et
787 508 880 560 nobile
890 508 1004 560 dextrae

406 581 498 633 'funus
509 588 594 634 aurat:
609 585 675 635 totis
686 585 808 650 pascitur
817 583 867 633 illa
877 585 973 634 sacris.

383 656 518 718 Quodnisi
528 663 608 724 rapta
617 657 690 709 foret
698 659 802 709 uolenti
812 673 910 723 poena,
922 659 1041 724 parabat

418 733 528 782 saevior
535 733 565 782 in
575 733 665 784 lassos
675 734 715 784 ire
726 733 839 783 sinistra
848 731 936 784 locos.
951 768 963 803 5

381 804 457 857 Scire
467 807 541 873 piget
551 813 614 873 post
622 806 678 858 tale
690 807 781 869 decus,
795 807 860 873 quid
870 806 967 858 iecerit
976 812 1055 860 autes

418 895 499 948 quam
510 881 576 945 vidi,
586 882 655 933 satis
664 887 707 933 est
717 880 786 933 hanc
796 879 864 932 mihi
873 896 954 933 nosse
968 897 1089 934 manum.

638 986 673 1029 ll.
695 986 726 1028 In
746 987 908 1029 Dentonem.

380 1077 481 1132 Nescio
494 1078 559 1145 quid
570 1079 604 1130 de
613 1084 642 1130 te
651 1094 707 1130 uon
717 1078 797 1141 belle,
809 1079 909 1143 Deuto,
923 1078 1030 1145 lateris,

404 1148 406 1153 ’
418 1155 533 1221 coniuge
545 1155 592 1220 qui
601 1154 684 1205 ducta
693 1155 755 1204 ilua
765 1160 878 1220 paterna
889 1156 968 1221 petis.

379 1227 435 1280 Sed
444 1229 499 1279 iam
510 1229 678 1295 supplicibus
689 1227 827 1279 domiuum
840 1229 945 1280 lassare
955 1230 1060 1282 libellis

417 1303 518 1366 desine,
530 1305 594 1353 etin
604 1305 722 1370 patriam
733 1319 809 1355 serus
821 1304 855 1353 ab
865 1304 931 1354 urbe
942 1305 1010 1356 redi.

378 1376 449 1428 Nam
460 1378 523 1429 dum
533 1383 564 1428 tu
573 1378 654 1445 longe
665 1378 774 1429 deserta
783 1393 877 1441 uxore,
891 1379 993 1445 diuque

415 1458 471 1504 tres
481 1453 590 1519 quaeris
600 1457 690 1516 natos,
701 1458 819 1520 quatuor
828 1454 957 1504 iuvenies.

569 1561 604 1600 32.
629 1557 669 1600 De
684 1556 812 1601 columba
826 1556 982 1601 Aretullae.

378 1649 450 1700 Aera
459 1665 508 1717 per
516 1653 630 1703 tacitum
641 1653 755 1718 delapso
765 1652 884 1703 sedentis
893 1652 922 1702 in
932 1652 1010 1718 lpsos

416 1724 494 1777 fluxit
504 1727 642 1779 Aretullae
651 1728 755 1779 blanda
768 1728 896 1779 columba
906 1728 990 1779 sinus.

378 1799 496 1852 Luserat
505 1798 560 1853 boc
570 1818 658 1866 casus,
668 1804 723 1854 nisi
731 1804 907 1853 inobservata
916 1811 1049 1868 nianeret,

416 1877 602 1943 permissaque
614 1878 661 1928 diu
670 1878 758 1929 nollet
766 1878 842 1928 abire
851 1876 926 1943 iuga.

379 1948 409 2001 Si
419 1951 535 2001 meliora
545 1954 608 2017 piae
617 1951 660 2003 ias
671 1958 713 2003 est
721 1967 831 2018 sperare
842 1952 940 2014 sorori,

417 2030 445 2075 et
454 2026 593 2077 dominum
603 2027 697 2078 muudi
708 2025 815 2077 ilectere
824 2032 890 2077 vota
899 2026 1004 2078 valent:

378 2098 447 2151 haee
457 2115 474 2150 a
484 2098 598 2152 Sardois
607 2102 660 2152 tibi
669 2100 787 2152 forsitan
797 2101 899 2152 exsulis
910 2101 976 2164 oris,

416 2174 501 2226 fratre
511 2191 663 2239 reversuro,
674 2177 771 2227 nuntia
779 2176 854 2227 venit
864 2176 930 2226 avis.

556 2283 591 2321 33.
616 2280 655 2321 dd
674 2278 818 2328 Paullum.
838 2280 870 2322 de
891 2278 995 2334 phiala.

380 2374 422 2425 De
432 2375 600 2440 praetoricia
609 2373 706 2426 lolium
718 2372 794 2437 mihi,
806 2372 910 2435 Paulle,
922 2388 1028 2425 corona

416 2450 511 2512 niittis,
522 2454 550 2501 et
559 2447 612 2501 boc
621 2447 731 2516 phialae
741 2464 839 2499 nomeu
851 2446 952 2499 habere
961 2449 1050 2501 iubes.

380 2523 442 2573 llac
450 2522 540 2574 luerat
548 2539 634 2590 nuper
642 2524 742 2575 nebula
755 2524 806 2575 tibi
816 2538 914 2589 pegma
924 2529 1093 2589 perunctum,

416 2598 521 2663 pallida
531 2614 611 2665 quam
622 2598 697 2649 rubri
708 2599 788 2649 diluit
797 2598 871 2649 unda
881 2597 963 2647 croci.

379 2674 420 2723 lin
430 2674 517 2739 magis
529 2674 613 2725 astuti
624 2672 723 2725 derasa
732 2679 774 2724 cst
782 2687 872 2740 ungue
884 2672 1005 2723 ministri

417 2747 536 2810 bractea,
548 2748 581 2799 de
591 2747 678 2799 fulcro
695 2748 780 2815 (quod
790 2763 854 2799 reor
863 2750 934 2809 esse)
946 2746 1012 2798 tuol

379 2820 432 2872 llla
442 2827 533 2888 potest
543 2822 657 2874 milicem
666 2823 748 2889 louge
758 2823 859 2874 sentire
868 2821 1016 2887 volantem,

417 2902 445 2947 et
453 2896 559 2947 minimi
569 2911 659 2965 penna
668 2898 817 2965 papilionis
829 2897 883 2964 agi.
