2750 3450
390 361 709 415 ustassmmsrum
735 364 804 411 uiis.
820 364 877 410 ΧΠ.
981 362 1031 417 323

262 492 283 538 ie
292 485 362 537 situs
373 491 423 549 est,
433 483 480 537 hie
487 484 537 537 ille
544 489 616 549 tuus,
626 484 797 554 Sempronia,
806 485 906 538 Rufius:

276 561 354 612 cuins
364 560 459 626 etipse
467 559 509 610 tui
518 557 617 627 flagret
627 576 721 612 amora
731 562 808 613 einis.

265 635 336 687 ulcis
344 635 373 684 in
385 633 481 701 Elysio
491 636 611 687 narraris
621 634 716 687 fabula
729 650 836 702 eampo,

276 714 304 761 et
313 714 405 776 stupet
414 708 449 759 ad
459 714 553 776 raptus
563 709 703 775 Tyndaris
712 711 774 776 ipse
782 715 857 762 tuos.

265 799 283 834 u
292 783 399 847 melior,
410 798 480 850 quae
490 784 597 835 deserto
609 789 721 853 raptore
730 784 839 837 redisti:

275 858 328 909 illa
335 859 423 911 virum
432 857 520 909 voluit
529 873 579 910 nec
587 860 705 924 repetita
714 859 800 925 sequi.

263 933 330 995 idet,
341 937 369 984 et
377 931 478 982 iliacos
488 932 566 983 audit
576 932 720 985 Menelaus
729 948 849 984 mores:

277 1005 398 1058 absolvit
406 1004 554 1073 Phrygium
563 1013 655 1059 vestra
663 1008 762 1073 rapina
770 1006 873 1059 Parim.

263 1081 380 1147 eripient
391 1080 456 1132 olim
467 1095 527 1130 cum
536 1086 563 1132 te
572 1081 636 1133 luca
644 1082 719 1133 laeta
730 1082 847 1149 piorum,

276 1170 332 1206 nnn
341 1155 394 1205 erit
402 1155 431 1205 in
441 1152 539 1222 Stygia
549 1157 643 1208 notior
651 1156 748 1207 umbra
758 1156 850 1208 demo.

263 1226 303 1280 'on
312 1228 403 1280 aliena
412 1229 497 1292 videt,
505 1229 553 1280 sed
564 1236 638 1282 amat
647 1229 813 1298 Proserpina
823 1236 931 1298 raptas:

276 1303 329 1355 iste
337 1301 390 1355 uti
399 1301 536 1354 dominam
547 1304 709 1356 conciliabit
718 1320 803 1357 amur.

516 1411 551 1451 it.
574 1407 606 1451 In
624 1408 749 1452 Avarum

312 1481 422 1537 Nummi
432 1499 492 1534 aum
501 1485 552 1535 tibi
562 1486 625 1548 sint,
637 1501 756 1552 opesque
766 1491 869 1548 tantae,

313 1564 429 1625 quantas
440 1558 508 1610 nivis
517 1557 600 1609 habet
610 1565 720 1625 paterve
730 1575 817 1623 rarus,

312 1631 421 1700 largiris
431 1630 509 1696 nihil,
521 1633 688 1700 incubasque
697 1647 793 1700 garae,

312 1712 343 1759 nt
352 1721 466 1775 magnus
476 1707 571 1771 draco,
580 1724 659 1775 quern
670 1713 771 1759 canunt
784 1714 884 1776 poetae

313 1782 452 1834 custodem
467 1780 590 1849 Scythici
598 1783 683 1834 tuisse
692 1783 757 1835 luci.

314 1854 368 1909 Sed
378 1872 472 1921 causa
481 1863 512 1908 ut
521 1873 664 1922 memoras,
677 1858 773 1924 etipse
781 1858 879 1919 iaetus,

314 1931 390 1983 dirae
403 1931 476 1983 filins
485 1938 528 1983 est
536 1932 706 1999 rapacitatis.

313 2004 349 2057 Et
359 2007 424 2073 qnid
434 2011 464 2057 tu
473 2006 564 2059 fatuos
574 2007 709 2074 rudesque
722 2006 839 2073 qnaeris,

312 2079 414 2132 illudas
425 2081 532 2147 quibus,
542 2081 703 2150 auferasque
712 2079 845 2132 mentem?

313 2153 387 2207 Huic
396 2170 502 2222 semper
510 2157 578 2209 vitio
588 2164 666 2225 pater
675 2156 762 2209 inisti.

518 2266 554 2305 64.
578 2260 610 2304 ln
627 2260 747 2306 Zoilum.

263 2334 418 2400 rinernben
428 2337 508 2404 niger
518 2352 576 2404 ore,
584 2339 676 2391 brevis
685 2338 763 2405 pede,
776 2337 877 2404 iumine
887 2336 987 2400 laesus,

274 2425 333 2463 rem
341 2425 468 2478 magnam
478 2418 611 2479 praestas,
620 2413 708 2476 zoile,
716 2414 741 2465 si
750 2411 839 2466 bouus
848 2426 886 2465 es.

512 2504 547 2544 ii.
571 2501 612 2544 Ad
630 2498 751 2558 puellae

314 2574 408 2629 Gratis
417 2576 464 2644 qui
474 2575 540 2628 dara
549 2592 601 2631 ves
609 2577 694 2640 iubet,
705 2575 822 2642 puellae,

311 2650 508 2704 insulsissimus
518 2652 790 2719 inprobissimusque
799 2656 848 2703 sse

314 2723 407 2777 Gratis
415 2742 450 2778 ne
462 2726 534 2789 date,
543 2726 651 2780 basiate
660 2727 755 2794 gratis.

312 2799 375 2853 lion
385 2802 468 2868 Aegle
477 2807 568 2869 negat,
578 2800 631 2854 hoc
644 2817 727 2855 arara
737 2799 839 2852 vendit

313 2874 367 2928 Sed
376 2876 489 2940 vendat3
503 2876 571 2929 bene
580 2875 691 2934 basiare
700 2881 830 2945 quantum
841 2874 898 2929 estt

780 2966 841 3016 M
