2750 3450
309 377 340 424 22
602 375 817 423 maurianis

526 499 561 540 48.
587 497 626 538 De
646 494 750 537 liiunlo
770 495 883 538 medico.

310 589 403 656 Nuper
414 588 473 641 e'rat
483 590 612 651 medicus,
623 605 694 640 nuno
704 595 745 640 est
753 589 870 656 vespillo
880 586 1019 639 Diaulus:

346 666 420 732 quod
429 665 545 732 vespillo
556 664 631 727 facit,
642 663 746 715 lecerat
755 670 782 715 et
790 664 922 715 medicus.

523 789 557 829 49-
583 786 623 828 De
641 783 722 828 leone
740 790 768 828 et
782 783 889 840 lepore.

309 880 433 931 Rictibus
443 878 486 931 his
495 886 591 931 tauros
600 895 656 930 non
666 880 790 945 eripuere
800 878 933 945 magistri,

348 970 397 1021 per
407 970 475 1021 quos
486 955 589 1020 praeda
598 953 683 1021 fugax
692 955 768 1021 itque
777 953 902 1019 reditque
912 953 1007 1019 lepus=

311 1029 438 1096 quodque
449 1030 536 1096 magis
546 1030 653 1091 nurum,
665 1029 788 1080 velocior
797 1029 854 1078 exit
864 1028 898 1078 ab
911 1026 1002 1091 hoste,

346 1102 474 1155 nonnihil
485 1109 589 1155 atanta
596 1103 743 1154 nobilitate
753 1102 844 1154 refert.

311 1179 449 1247 Tutiorin
459 1179 520 1231 sola
530 1194 585 1229 non
595 1185 637 1229 est
647 1194 707 1230 oum
718 1179 803 1228 esurit
816 1192 907 1239 arena,

347 1270 397 1305 neo
407 1268 506 1304 caveae
515 1258 593 1303 tanta
603 1254 730 1305 conditur
741 1253 790 1303 ille
800 1252 862 1303 lide.

309 1328 339 1379 Si
348 1330 435 1379 vitare
446 1343 541 1378 eanum
552 1343 668 1391 morsus,
679 1329 757 1394 lepus
767 1327 900 1394 improbe,
912 1329 1040 1394 quaeris3

347 1404 382 1454 ad
393 1418 462 1470 quae
473 1401 625 1469 confugias,
638 1417 688 1454 ora
697 1404 786 1455 leonis
797 1401 889 1453 habes.

398 1527 432 1565 bb.
456 1523 495 1565 Ad
513 1524 691 1567 Licinianum
708 1525 740 1567 de
755 1524 916 1579 Hispaniae
931 1522 1014 1568 loeis.

307 1615 357 1668 Vir
369 1616 513 1668 Celtiberis
522 1634 578 1670 non
587 1619 702 1671 tacende
712 1618 848 1686 gentibus,

345 1699 509 1761 nostraeque
519 1694 580 1746 laus
590 1695 753 1762 Hispaniae,

307 1769 414 1819 videbis
425 1769 518 1833 altam,
530 1769 683 1833 Liciniane,
694 1770 828 1832 Bilbilim,

347 1845 423 1910 equis
435 1851 462 1895 et
473 1847 556 1897 aruris
566 1845 698 1908 nobilem,

309 1920 483 1986 sterilemque
494 1920 606 1971 Calvum
616 1921 734 1982 nivibus,
745 1925 773 1969 et
782 1918 878 1969 fractis
889 1934 998 1971 sacrum

346 1992 555 2045 Vadaveronem
565 1996 718 2045 montibus:

308 2075 335 2120 et
346 2070 458 2122 delicati
468 2070 547 2119 dulce
556 2069 674 2120 Botrodi
684 2083 788 2129 nemus,

345 2143 471 2195 Pomona
481 2144 554 2209 quod
565 2142 632 2194 felix
643 2148 725 2193 amat.

308 2220 408 2284 Tepidi
418 2219 526 2269 natabis
536 2217 597 2268 lene
609 2216 732 2285 Congedi
741 2218 849 2281 vadum,

344 2293 495 2359 mollesque
504 2291 693 2359 Nympharum
703 2292 793 2356 lacus3

309 2368 407 2434 quibus
417 2369 560 2419 remissum
571 2383 669 2435 corpus
680 2368 836 2437 adstringas
846 2370 923 2421 brevi

346 2442 456 2505 Solone,
469 2444 517 2509 qui
526 2441 627 2494 fernim
638 2444 721 2510 gelat.

308 2517 464 2567 Praestabit
473 2518 533 2569 illie
541 2519 604 2585 ipsa
614 2519 737 2586 figendas
746 2535 833 2586 prope

345 2591 468 2643 Vobisea
477 2594 623 2659 prandenti
633 2594 716 2666 feras.

307 2667 405 2717 Aestus
415 2682 526 2719 serenos
537 2684 620 2721 aureo
631 2670 742 2737 franges
753 2671 842 2737 Tago,

346 2741 477 2793 obscurus
488 2744 591 2795 umbris
603 2746 740 2797 arborum.

307 2817 422 2867 Avidam
432 2818 523 2884 rigens
533 2818 671 2870 Dircenna
681 2820 804 2887 placabit
816 2822 901 2885 sitim,

345 2900 372 2942 ot
381 2891 494 2957 Nemea,
506 2908 576 2962 quae
586 2895 673 2947 vincit
681 2896 767 2948 nives.
