2750 3450
448 332 769 387 EPIGRAMMATUM
794 336 864 382 LlB.
883 337 913 382 V.
1023 338 1073 390 129

280 454 340 506 Nee
349 455 434 505 semel
445 470 509 523 ergo
520 454 587 507 mihi
596 456 695 508 furtum
706 458 803 509 fecisse
816 458 926 510 licebitl

318 529 472 595 Improbius
482 529 550 580 nihil
562 536 602 581 est
611 526 671 593 hae,
683 531 845 598 Charopine,
855 534 928 599 gula.

279 604 384 655 Desine
394 605 449 654 iam
459 612 590 666 nostram,
601 621 705 670 precor,
718 607 861 657 observare
872 608 997 674 culinam,

319 684 401 745 atque
413 679 561 745 aliquando
572 693 646 730 meus
658 681 703 730 det
711 681 763 731 tibi
776 682 859 732 verba
869 697 979 748 coquus.
1057 700 1060 706 ’

564 804 597 842 51.
622 800 662 841 :to
679 801 785 842 Rufum.

354 893 418 956 Hie,
430 895 475 960 qui
485 893 587 944 libellis
601 909 777 962 praegravem
787 897 858 961 gerit
866 896 981 959 laevam,

354 970 523 1019 notariornm
535 984 612 1034 quem
622 971 721 1034 premit
731 968 829 1020 chorus
838 970 916 1033 levis,

354 1044 402 1109 qni
413 1043 550 1093 codicillis
561 1041 623 1092 hine
633 1048 660 1092 et
669 1044 733 1094 inde
743 1044 868 1110 prolatis,

352 1117 531 1184 epistolisque
544 1118 701 1168 commodat
710 1134 818 1185 gravem
830 1120 942 1182 vultum,

352 1192 451 1242 similis
463 1192 570 1254 Catoni,
583 1191 738 1260 Tullioque,
748 1193 901 1260 Brutoque;

352 1267 512 1332 exprimere,
522 1265 600 1330 Rufe,
612 1267 739 1319 fidiculae
748 1269 813 1319 lieet
823 1275 922 1335 cogant

353 1355 403 1392 ave
413 1340 550 1403 Latinum,
559 1342 633 1407 χαῖρε
644 1359 697 1393 non
709 1348 799 1409 potest
810 1342 950 1394 Graecum.

352 1414 382 1466 Si
394 1416 494 1483 lingere
504 1417 577 1468 istud
590 1433 632 1468 me
642 1423 732 1484 putas,
743 1418 898 1469 salutemus.

525 1535 559 1573 52.
583 1531 614 1573 ln
635 1531 821 1574 Posthuntum.

278 1624 357 1683 erae
368 1621 435 1672 mihi
445 1625 623 1689 praestiteris,
634 1626 745 1675 memini
759 1640 916 1691 semperque
926 1628 1032 1678 tenebo.

317 1697 371 1747 Cur
380 1698 465 1765 igitur
474 1697 571 1751 tacent
590 1697 746 1762 Postume,
757 1699 925 1765 tuloqueris.

278 1772 383 1838 lucipio
397 1774 503 1838 quoties
514 1775 598 1825 alicui
608 1780 655 1824 tua
666 1775 740 1825 (lona
749 1773 857 1836 referre,

316 1847 441 1913 protinus
450 1848 594 1910 exclamat,
606 1848 721 1899 Dixerat
730 1849 789 1914 ipse
801 1846 874 1897 mihi.

278 1920 340 1972 Non
352 1920 422 1972 belle
434 1923 566 1988 quaedam
578 1922 682 1973 faciunt
693 1924 760 1973 duo:
775 1924 875 1972 suffieit
884 1938 952 1973 uuus

315 1993 378 2045 huie
389 1997 478 2062 operi:
493 1998 517 2047 si
527 1998 578 2059 vis,
588 2004 619 2048 ut
629 1998 736 2064 loquar,
746 1998 805 2063 ipse
819 2003 887 2047 taee.

278 2070 364 2120 Crede
374 2068 450 2134 mihi,
461 2073 585 2137 quamvis
594 2073 725 2139 ingentia,
735 2070 896 2135 Posthume,
905 2072 978 2122 dona

315 2146 434 2195 auctoris
445 2152 559 2211 pereunt
568 2148 728 2214 gamilitate
741 2146 791 2197 sni.

552 2260 585 2298 5³.
609 2255 650 2297 Ad
668 2257 790 2299 Bassum.

276 2346 412 2399 Colchida
422 2349 486 2414 quid
497 2350 604 2412 scribis,
616 2350 680 2415 quid
692 2349 799 2412 scribis,
812 2351 906 2411 amice,
914 2347 1069 2414 'l'hyestent

315 2422 388 2482 Quid
397 2422 449 2473 tibi
459 2423 502 2474 vel
512 2422 611 2486 Niobe,
621 2423 717 2486 Basse,
727 2424 769 2475 vel
778 2421 982 2475 Andromachel

276 2496 395 2548 Materia
406 2503 455 2560 est,
465 2496 532 2547 mihi
543 2498 630 2560 erede,
641 2499 697 2548 tuis
707 2499 850 2564 aptissima
863 2496 964 2548 chartis

313 2572 482 2635 Deucalion;
496 2572 548 2635 vel,
559 2574 584 2623 si
594 2588 648 2623 non
658 2573 749 2639 placet
759 2571 811 2634 hie,
822 2571 970 2622 Phaethon.

464 2681 498 2719 54.
523 2678 562 2720 lle
582 2676 697 2719 rhetore
716 2675 879 2732 Apollonio.

386 2769 589 2836 Extemporalis
599 2770 688 2821 factrus
700 2777 741 2821 est
750 2787 825 2822 meus
835 2769 943 2821 rhetora
1127 2827 1130 2836 .

387 2844 559 2908 Calpurnium
568 2862 624 2898 non
635 2848 759 2917 scripsit,
772 2855 802 2903 et
811 2848 960 2903 salutauit.
1015 2864 1021 2870 ·
1042 2891 1047 2896 .

328 2932 373 2972 ΜΛ
380 2942 399 2975 u
408 2942 426 2974 Τ
425 2962 432 2975 0
876 2946 890 2992 p
