2750 3450
415 356 443 406 16
700 360 916 406 mansistis

411 485 494 535 Urere
505 498 585 550 quam
595 481 686 547 potnit
696 489 838 533 contemto<
846 482 953 533 Mucius
962 484 1035 550 igne,

448 557 518 609 hanc
527 561 651 624 spectare
660 572 768 608 manum
780 557 902 609 Porsena
912 573 966 608 non
977 556 1078 623 potnit.

410 633 505 684 Maior
514 633 644 698 deceptae
654 631 729 682 fama
739 638 780 684 est
789 639 817 684 et
826 632 917 700 gloria
927 632 1053 683 dextrae:

448 708 473 758 si
483 707 538 758 non
548 713 674 769 errasset,
685 707 788 759 fecerat
796 708 846 758 illa
855 709 953 758 minus.

629 832 663 870 2³.
682 829 722 872 De
736 827 819 872 leons
834 833 862 870 nt
876 828 984 883 lepore.

412 920 485 982 Quid
495 937 567 972 nunc
576 937 659 974 saeva
668 922 742 990 fugis
751 923 854 991 placidi
869 923 948 989 lepus
959 936 1009 974 nra
1017 921 1127 981 leonisl

447 995 584 1063 Frangere
593 1004 649 1049 tam
659 1013 758 1064 parvas
768 1014 824 1049 nnn
834 997 953 1048 didicere
966 994 1049 1048 feras.

411 1069 559 1122 Servantur
568 1073 674 1140 magnis
684 1073 732 1123 isti
743 1072 894 1124 cervicibus
903 1087 1015 1139 ungues,

447 1162 497 1197 nee
507 1147 608 1213 gaudet
616 1147 691 1198 tenui
701 1148 832 1214 sanguine
842 1152 920 1198 tanta
929 1146 998 1198 sitis.

411 1220 518 1272 Praeda
531 1237 627 1272 canum
638 1222 715 1288 lepus
726 1227 776 1285 est,
785 1228 879 1273 vastus
889 1237 944 1272 nnn
953 1220 1050 1287 implet
1059 1219 1155 1281 hiatus

447 1312 503 1347 non
512 1296 608 1347 timeat
617 1296 711 1348 Dacus
722 1295 848 1348 Caesaris
859 1312 936 1348 arma
945 1311 1020 1363 puer.

690 1405 724 1444 24.
751 1401 792 1444 Ad
812 1401 926 1444 cartam.

410 1493 513 1545 Invitas
523 1494 635 1559 nullum,
646 1495 701 1547 nisi
713 1511 773 1546 cunr
784 1510 848 1561 quo,
862 1494 953 1556 Cotta,
965 1495 1078 1558 lavaris,

449 1575 476 1620 et
486 1569 552 1621 dant
562 1572 704 1623 convivam
714 1570 815 1621 balnea
825 1570 887 1621 sula
895 1570 956 1620 tibi.
1034 1616 1037 1629 ‚

410 1643 543 1708 Mirabar,
553 1661 637 1712 quare
646 1661 784 1712 nunquam
794 1660 846 1708 me,
857 1644 947 1707 Cotta,
958 1659 1103 1696 vocassent

446 1720 503 1772 iam
513 1721 581 1787 scio,
591 1738 634 1774 me
643 1721 745 1773 nudum
755 1720 928 1789 displicuisse
938 1718 999 1771 tibi.

670 1831 706 1872 25.
727 1827 768 1869 Ad
783 1828 944 1872 Decianum.

410 1920 536 1985 Adspicis
547 1922 676 1973 incomtis
686 1922 774 1983 illum,
784 1921 914 1984 Decinne,
926 1920 1043 1987 capillis,

449 1996 525 2045 cuius
536 2001 564 2046 ct
573 1997 632 2063 ipse
641 1998 722 2047 times
734 1997 813 2046 triste
823 1996 1007 2061 supercilium,

411 2070 458 2135 qui
469 2069 590 2137 loquitur
600 2069 707 2127 Curios.
719 2075 922 2136 assertor-esque
933 2069 1083 2122 Camillos?

449 2141 544 2195 Nolito
555 2142 641 2195 fronti
652 2144 775 2195 eredere:
795 2146 888 2211 nupsit
898 2142 967 2195 heri.

663 2252 697 2293 ²6.
721 2249 762 2291 lld
776 2249 948 2292 Fausti-num.

412 2343 469 2395 lide
480 2338 543 2394 tuns
552 2344 662 2394 tandem
672 2343 785 2411 populo,
796 2343 935 2409 Faustine,
950 2346 1070 2409 libellus,

449 2424 476 2469 et
487 2418 586 2469 cultum
598 2418 680 2470 docto
691 2425 802 2486 pectore
811 2418 905 2488 profer
915 2438 992 2489 opus,

412 2494 486 2559 qnod
496 2509 546 2544 nec
557 2493 707 2562 Cecropiae
717 2494 845 2547 damnent
854 2495 1005 2549 Pandionis
1016 2513 1104 2562 arces,

449 2584 500 2619 nec
510 2569 611 2621 sileant
620 2570 708 2622 nostri
717 2575 944 2638 praetereantque
954 2588 1041 2624 senes.

412 2643 481 2693 Ante
491 2642 565 2695 fores
576 2650 694 2697 stantem
703 2645 813 2697 dubitas
825 2646 968 2699 admittere
977 2646 1089 2711 famam,

448 2722 529 2783 teque
538 2720 614 2785 piget
624 2722 838 2787 curaepraemia
846 2719 918 2773 ferre
926 2720 1007 2771 tuael
1040 2745 1043 2750 ·
1077 2713 1079 2718 ’

413 2788 481 2842 Post
490 2797 518 2843 te
527 2794 658 2858 victurae,
668 2811 718 2862 per
729 2802 758 2847 te
768 2812 877 2865 quoque
886 2796 977 2847 vivere
988 2794 1108 2847 chartae·

448 2868 596 2933 incipiant:
617 2871 701 2922 cineri
712 2872 804 2939 gloria
813 2888 875 2925 sera
885 2872 967 2924 venit.
