2750 3450
597 356 816 405 musalms

400 477 474 531 Hinc
483 494 559 530 seres
569 479 744 546 epidipnidas
753 480 877 547 parabit3

401 553 464 605 hinc
473 554 562 620 pistor
571 552 662 605 fatuas
673 553 742 606 lacit
752 555 906 621 placentas3

401 627 465 680 hinc
475 634 503 679 et
511 629 677 696 multiplices
687 631 770 681 struit
778 629 906 692 tabellas,

401 709 429 756 et
438 708 520 755 notas
530 703 690 770 caryotidas
699 702 827 755 theatris:

400 775 466 830 hine
475 778 532 829 exit
542 779 646 829 varium
659 794 728 830 coco
738 779 862 840 minutal,

401 857 432 903 ut
440 853 539 904 lentem
551 853 669 919 positam
679 852 826 920 fabamque
838 851 949 903 credass

401 926 511 979 boletos
520 928 652 990 imitatur,
664 932 691 978 et
700 928 829 991 botellos,

402 1007 430 1054 et
440 1002 555 1054 caudam
567 1003 651 1069 cybii,
661 1003 812 1069 brevesque
821 1015 950 1053 moenass

401 1074 467 1128 hinc
476 1076 604 1128 cellarius
615 1078 753 1144 experitur
763 1081 845 1140 artes,

401 1156 433 1203 ut
443 1152 545 1203 condat
554 1153 632 1203 vario
642 1151 720 1204 vafer
730 1166 829 1219 sapore

401 1226 433 1277 in
441 1231 520 1278 rutae
529 1225 625 1278 folium
637 1227 823 1293 Capellianae.

404 1298 451 1352 Sic
458 1301 556 1368 implet
564 1302 690 1368 gabatas,
701 1300 927 1368 paropsidesque,

403 1381 431 1427 et
440 1375 514 1426 leues
524 1377 655 1438 scutulas,
667 1391 803 1442 cavasque
812 1375 925 1427 lances.-

402 1448 467 1502 Hoc
476 1448 580 1500 lautum
592 1456 678 1517 putat,
688 1449 743 1502 hoc
752 1455 831 1517 putat
839 1453 992 1513 venustum,

403 1538 487 1576 unum
496 1539 598 1591 ponere
608 1525 719 1577 ferculis
733 1530 776 1576 tot
785 1540 883 1576 assem.

577 1633 611 1674 32.
636 1629 667 1672 Iu
686 1627 843 1672 Nestorem·

311 1705 371 1763 Neo
379 1711 455 1776 toga,
466 1723 517 1760 nec
526 1706 606 1759 focus
617 1711 666 1772 est,
676 1723 727 1759 uec
735 1707 817 1759 tritus
828 1706 924 1758 cimice
933 1703 1033 1770 lectus,

348 1798 400 1835 nec
407 1783 461 1835 tibi
472 1782 505 1834 de
515 1783 611 1835 bibula
621 1788 697 1834 sarta
706 1774 806 1851 palude
815 1788 904 1849 teges:

311 1873 363 1910 uec
372 1873 448 1926 puer,
460 1862 507 1909 aut
516 1860 617 1921 senior,
628 1859 705 1909 nulla
715 1864 758 1910 est
767 1858 876 1920 ancilla,
886 1872 937 1907 nec
946 1855 1051 1921 miens,

350 1948 401 1984 nec
411 1948 481 1996 sera,
492 1949 543 1984 nec
553 1934 647 1998 clavis,
658 1950 709 1985 nec
720 1935 804 1994 canis,
816 1938 898 1997 atque
908 1930 992 1980 calix.

313 2008 356 2059 Tu
365 2014 457 2060 tamen
468 2006 592 2071 allectas,
603 2007 714 2071 Nestor,
725 2008 781 2059 dici
792 2011 873 2072 atque
882 2003 972 2056 videri

350 2098 462 2150 pauper,
472 2084 537 2133 etin
548 2084 651 2150 populo
663 2083 771 2149 quaeris
782 2079 882 2132 babere
892 2079 995 2130 locum.

311 2156 447 2221 Mentiris,
459 2172 585 2224 vanoque
594 2158 646 2209 tibi
657 2157 792 2208 blandiris
804 2153 917 2205 honore.

349 2231 413 2284 Non
423 2239 465 2283 est
474 2238 630 2299 paupertas,
641 2230 751 2294 Nestor,
762 2229 862 2281 habere
872 2226 951 2279 nihil.

586 2339 621 2377 8³.
647 2337 685 2378 De
706 2336 834 2377 Prasino.

314 2412 429 2480 Saepius
440 2413 475 2463 ad
485 2414 604 2479 palmam
614 2411 745 2463 Prasinus
759 2409 892 2478 postlata
901 2408 1025 2463 Neronis

350 2489 481 2555 pervenit,
493 2494 520 2538 et
529 2489 619 2539 victor
628 2488 752 2553 proemia
762 2486 841 2553 plura
849 2485 943 2537 refert.

312 2560 414 2626 lnuuc,
424 2562 497 2615 livor
506 2562 585 2626 edax,
597 2563 679 2613 dicte
690 2562 805 2613 cessisse
814 2559 932 2612 Neroni:

349 2638 417 2688 vicit
425 2639 562 2702 nimirum,
572 2654 628 2700 noo
638 2636 722 2696 Nero,
734 2636 782 2688 sed
792 2635 933 2687 Prasinus.

609 2730 644 2768 34.
670 2725 709 2768 De
729 2726 811 2779 ¹ipro-

313 2798 400 2850 Aedes
411 2801 477 2851 emit
485 2802 565 2868 Aper,
576 2802 625 2854 sed
636 2817 705 2869 quas
715 2817 765 2852 nec
774 2803 877 2852 noctua
886 2799 971 2851 vellet

352 2890 411 2926 esse
422 2890 499 2927 suas:
515 2875 585 2930 adeo
594 2878 675 2946 nigra
688 2882 819 2944 vetusque
829 2891 894 2927 casa
904 2881 955 2926 est.
