2750 3450
293 420 300 439 ι
351 366 361 378 ”
432 403 747 452 nercasmmsruu
775 405 898 454 nrav.
1013 407 1062 458 119
1139 379 1146 390 ⁸

272 525 322 595 qui
330 525 408 594 legis,
419 532 446 578 et
454 531 517 579 tota
527 525 621 579 cantas
630 543 693 579 mea
703 528 824 579 carmina
832 527 929 581 Roma.

311 599 366 652 Sed
375 602 473 665 nescis,
484 602 578 669 quanti
588 608 642 653 stet
653 601 720 653 mihi
729 603 794 653 talis
804 618 890 654 amor.

272 674 344 728 Nam
355 676 380 726 si
389 673 508 727 falciferi
517 675 661 728 defendere
670 677 773 743 templa
785 679 916 742 tonantis,

311 749 493 816 sollicitisque
505 751 585 802 velim
596 751 712 802 vendere
723 752 806 803 verba
814 753 882 814 reis;

273 824 406 890 plurimus
419 824 558 892 Hispanas
568 826 657 876 mittet
665 824 733 876 mihi
741 831 826 876 nauta
834 831 970 890 metretas,

311 903 339 949 et
348 898 395 949 liet
403 898 481 951 vario
493 899 621 951 sordidus
635 915 697 950 aere
708 901 791 951 sinus.

273 973 309 1024 nt
317 988 388 1024 nunc
398 974 512 1025 conviva
522 980 564 1024 est
574 975 792 1040 comissatorque
801 974 921 1038 libellus,

312 1052 340 1098 et
347 1053 453 1098 tantum
462 1049 548 1115 gratis
558 1049 660 1116 pagina
670 1055 766 1101 nostra
774 1048 873 1114 placet.

274 1119 329 1173 Sed
338 1137 394 1173 non
403 1120 456 1173 hac
463 1127 567 1173 veteres
578 1124 699 1175 contenti
708 1123 790 1173 lande
800 1121 916 1185 fuerunt,

312 1211 372 1246 cum
381 1197 521 1247 minimum
530 1198 588 1248 vati
596 1212 693 1247 munus
702 1197 794 1248 Alexis
805 1203 872 1248 erat

272 1269 358 1334 Belle,
368 1271 468 1336 inquis,
479 1271 562 1322 dixti:
576 1271 644 1322 satis
655 1276 708 1322 est:
723 1271 898 1322 laudabimur
905 1286 999 1337 usque.

309 1343 490 1396 Dissimulasi
508 1344 593 1396 iacies
606 1360 658 1409 me,
668 1352 745 1411 puto,
756 1347 932 1397 causidicum.

546 1461 580 1502 li.
602 1458 634 1502 ln
655 1456 785 1502 Gelliam.

271 1551 343 1603 Dum
354 1567 473 1618 proavos
483 1557 633 1619 atavosque
643 1551 738 1615 refers,
752 1559 779 1604 et
789 1554 901 1605 nomina
909 1568 1023 1621 magna3

310 1627 375 1678 dum
384 1627 436 1679 tibi
445 1634 539 1679 noster
549 1642 631 1693 eques
642 1627 756 1678 sordida
766 1629 888 1679 conditio
899 1634 954 1678 estc

270 1701 335 1754 dum
345 1706 372 1754 te
382 1717 464 1769 posse
474 1715 558 1770 negas
567 1701 621 1753 nisi
631 1702 699 1764 lato,
712 1700 810 1765 Gellia,
822 1702 900 1754 clavo

308 1777 424 1829 nuberes
437 1778 563 1843 nupsisti,
576 1774 676 1839 Gellia,
687 1775 818 1828 cistilero.

504 1885 538 1924 1⁸.
563 1881 603 1923 Ad
622 1881 828 1931 Qisiuctisnnm.

310 1974 392 2036 Quod
401 1974 453 2025 tibi
461 1973 607 2026 Decembri
617 1989 718 2038 mense,
734 1990 787 2041 quo
798 1974 894 2026 volant
902 1989 1026 2042 mappae,

305 2048 477 2116 gracilesque
487 2049 597 2116 ligulae,
609 2049 742 2115 cereique,
754 2047 926 2117 chartaeque,

307 2128 336 2174 et
346 2127 427 2174 acuta
437 2124 546 2174 senibus
555 2129 627 2175 testa
637 2139 698 2175 cum
707 2124 887 2189 damascenis,

306 2199 415 2263 praeter
424 2197 535 2249 libellos
544 2198 670 2249 vernulas
680 2195 749 2249 nihil
759 2199 835 2249 misi:

307 2271 426 2323 fortasse
437 2286 536 2324 avarus
545 2272 647 2336 videar,
660 2277 708 2323 aut
716 2271 887 2337 inhumanus.

308 2345 363 2397 Odi
373 2346 486 2397 dolosas
496 2361 634 2398 munerum
645 2351 673 2397 et
680 2347 768 2398 malas
783 2352 863 2398 artes.

307 2420 454 2472 Imitantur
463 2418 559 2471 hamos
570 2420 656 2472 dona:
670 2435 787 2487 namque
798 2422 858 2487 quis
868 2421 964 2484 nescit,

308 2495 418 2547 avidum
426 2500 525 2546 rorata
535 2495 625 2561 decipi
634 2510 740 2546 scarum
750 2492 860 2546 muscai

306 2569 424 2632 Quoties
435 2569 524 2622 amico
535 2569 614 2621 diviti
624 2566 693 2619 nihil
703 2569 797 2632 donat,

306 2660 324 2697 o
336 2644 511 2708 Quinctiane,
520 2643 644 2696 liberalis
655 2647 698 2693 est
706 2658 819 2711 pauper.

463 2750 495 2791 la.
519 2746 558 2790 Ad
578 2746 656 2790 caes.
675 2748 876 2792 Domitianum.

265 2842 299 2895 Sl
308 2856 361 2908 qus
368 2841 439 2894 tides
449 2842 513 2907 rerl,
523 2841 672 2913 praeferri,
683 2846 811 2901 maxime
820 2844 946 2909 Caesar,

290 2914 463 2979 temporinos
468 2926 598 2986 possunt
606 2924 712 2983 secula
721 2924 895 2983 nullatum

1106 2877 1114 2908 i
