2750 3450
327 348 377 399 ret
616 334 851 398 nrurrnurs'
942 346 946 355 ·

328 471 489 525 certatricis
499 471 595 538 popuii
604 478 634 521 tu
648 471 752 537 primur
761 476 837 534 rota,
850 470 1026 525 December:

364 548 419 598 iarn
429 548 495 598 licet
503 548 607 613 ingenti
618 546 709 597 dicere
718 560 796 607 voce,
810 544 903 597 Venit.

327 622 406 673 Felix
420 627 494 673 rorte
504 619 563 672 tua!
579 626 690 687 poteras
700 635 755 670 non
766 620 864 671 cedere
875 620 959 685 lano,

365 697 467 764 gaudia
477 697 501 747 ci
511 696 601 758 nobis,
612 710 681 762 quae
693 694 770 745 dabit
779 694 836 757 ille,
852 695 948 746 darec.

328 772 411 823 Ferte
422 780 569 823 coronatur
581 770 658 820 ludet
667 769 793 821 convicia
802 769 894 833 miles,

364 848 436 898 inter
447 846 600 912 laurigeros
611 861 671 895 cnm
683 859 775 895 cornea
784 844 838 894 ibit
847 859 948 910 equor.

329 921 382 973 Fae
394 921 489 972 audire
498 922 586 981 iocos,
601 920 761 984 levioraque
772 920 904 981 carmina,
917 918 1036 984 Caesar,

365 1002 393 1048 et
403 996 468 1047 tibi:
484 996 510 1047 ai
518 995 594 1046 littus
604 996 663 1061 ipse
673 991 827 1060 triumphua
837 1000 924 1045 amat.

603 1118 623 1158 9.
650 1115 689 1157 De
709 1113 849 1157 Carcelin.

329 1210 396 1261 Cum
409 1209 553 1277 sexaginta
562 1213 685 1259 numeret
695 1207 836 1261 Carcelius
846 1224 947 1273 mor,

365 1285 524 1353 ingeniosus
534 1281 617 1335 homo
633 1290 689 1335 ert:
705 1284 814 1352 quando
826 1284 949 1336 disertus
963 1282 1035 1337 criti

629 1393 662 1432 1⁰.
686 1388 718 1431 ln
739 1388 824 1431 clun.

329 1482 583 1545 PaedicaturEror,
597 1480 676 1532 fellat
685 1481 785 1534 Linus:
806 1482 866 1546 Ole,
877 1483 947 1549 quid
958 1482 996 1536 ad
1005 1490 1043 1548 te,
1103 1434 1106 1447 =

367 1558 401 1609 de
412 1562 473 1608 cute
484 1556 550 1624 quid
559 1555 703 1608 faciatille
718 1558 762 1608 vel
776 1556 824 1608 ille
838 1556 905 1608 ruai

330 1633 458 1685 Centenis
468 1629 552 1683 futuit
560 1630 657 1683 Matho
669 1632 804 1683 millibus:
825 1631 966 1699 01e,quid
977 1634 1015 1686 ad
1024 1633 1066 1687 tei

368 1708 430 1761 Nun
440 1714 470 1759 tu
480 1712 634 1775 prepterea,
649 1708 698 1760 sed
707 1705 804 1759 Matho
814 1721 921 1775 pauper
932 1709 995 1761 erit.

328 1784 360 1836 ln
370 1785 457 1836 lucem
469 1788 568 1835 coenat
578 1781 731 1834 Sertorius:
752 1782 811 1845 cle,
823 1782 889 1850 quid
900 1783 938 1834 ad
949 1783 996 1836 tei

367 1875 427 1911 cum
439 1860 522 1910 liceat
530 1864 591 1909 tota
601 1863 714 1909 stertere
724 1863 804 1909 nocte
813 1857 875 1908 tibi.

330 1934 509 2001 Septingenta
518 1934 584 1984 Tite
596 1933 676 1984 debet
685 1932 793 1999 Lupus:
815 1932 874 1995 ole,
890 1933 959 1999 quid
970 1935 1009 1987 ad
1018 1931 1060 1986 tet

367 2010 460 2060 Aerem
470 2023 503 2059 ne
515 2007 631 2069 dederis,
638 2008 822 2059 crediderisve
831 2005 923 2073 Lupo.

330 2084 402 2136 lllud
412 2082 578 2142 dissimulat,
592 2082 627 2133 ad
636 2088 664 2133 te
675 2082 749 2148 quod
757 2083 885 2149 pertinet,
895 2081 958 2145 010,

369 2157 496 2226 quodque
506 2157 594 2222 magis
605 2172 686 2207 curae
697 2157 826 2208 convenit
838 2171 898 2207 erae
907 2162 984 2208 tuae.

330 2233 384 2285 Pro
395 2232 492 2299 togula
502 2231 597 2281 debesr
611 2229 665 2283 hoc
676 2233 711 2282 ad
721 2238 748 2282 te
759 2230 884 2297 pertinet,
894 2231 957 2283 ote.

370 2307 554 2368 Quadrantem
566 2322 645 2356 nemo
656 2307 711 2356 ianr
721 2306 774 2356 tibi
785 2306 890 2357 credet:
906 2312 935 2358 et
944 2304 1008 2358 hcc.

333 2384 407 2434 Uxor
417 2379 533 2433 moecha
541 2381 594 2432 tibi
604 2387 658 2431 ert:
673 2379 727 2431 hoc
737 2381 772 2431 ad
782 2387 810 2432 te
819 2382 948 2447 pertinet,
960 2381 1021 2434 010.

368 2457 463 2509 Poscit
473 2457 526 2506 iam
544 2455 635 2507 dotem
646 2455 705 2505 filia
715 2455 840 2522 grandis:
855 2461 883 2506 et
892 2453 955 2507 hcc.

332 2533 430 2583 Dicere
442 2530 598 2597 quindecies
609 2536 743 2597 poteram,
758 2530 832 2596 quod
842 2531 962 2597 pertinet
972 2530 1010 2584 ad
1018 2537 1056 2584 tc:

369 2607 416 2658 sed
428 2607 493 2673 quid
504 2620 579 2672 agas,
595 2606 630 2656 ad
639 2621 682 2656 me
692 2606 818 2671 pertinet,
830 2605 890 2669 Ole,
904 2603 984 2657 nihil.

529 2713 562 2751 11.
587 2709 626 2750 nd
646 2707 745 2751 Aulum
763 2709 928 2752 Pudentem.

420 2786 506 2858 Cogis
515 2803 561 2841 me
572 2785 681 2841 calamo
698 2801 835 2855 manuque
841 2791 942 2838 uacua

409 2867 569 2923 emendare
578 2884 672 2936 meos,
681 2862 942 2930 Pudeue,iiireiiur.
