2750 3450
479 331 521 378 ΙΝ
544 332 725 385 PRlAPUM
742 335 870 383 LUSUS.
1022 332 1071 384 387

351 453 395 518 Et,
405 454 431 505 si
439 460 519 507 nocte
529 453 583 506 fuit
592 456 683 522 puella
692 458 791 521 tecum,

351 527 451 591 hacto,
462 529 536 596 quod
546 535 651 581 metuas
662 532 746 595 adire,
756 547 812 583 non
821 538 870 583 cst.

352 603 425 654 lstuc
435 603 586 655 coelitibus
597 605 678 657 datur
686 607 797 658 severis.

350 676 414 730 Non
424 693 529 744 vappae
539 695 641 743 sumus,
651 685 679 730 et
687 680 789 746 pusilla
800 681 866 733 culli

351 754 423 804 ruris
433 754 561 803 nominat·
570 769 633 816 nos,
644 755 749 820 pudore
759 755 852 820 pulso,-

352 832 454 878 stamus
465 826 514 877 sub
525 827 597 891 love,
609 829 695 879 soleis
706 830 821 896 apertis»

351 899 425 968 Ergo
437 902 553 968 quilibet
561 900 613 953 huc
623 903 718 954 licebit
730 905 822 966 intret,

352 976 432 1042 nigra
440 974 555 1027 fornicis
567 977 667 1028 oblitus
678 977 783 1029 favilla.

580 1085 614 1124 14.
638 1081 769 1139 Priapus·
1022 1134 1024 1141 Α

353 1156 506 1208 Commisso
516 1156 583 1208 mihi
593 1173 647 1210 non
658 1159 728 1210 satis
737 1159 876 1210 modestas
1019 1146 1024 1175 '

352 1231 503 1299 quicunque
514 1232 636 1284 attulerit
645 1249 741 1284 manus
752 1233 863 1300 agellos.

350 1306 376 1357 is
385 1321 428 1371 me
438 1307 540 1358 sentiet·
547 1322 606 1358 esse
616 1323 672 1360 non
684 1308 851 1374 spadonem„

351 1377 398 1431 ln'c
405 1380 477 1431 inter
485 1379 598 1434 frutices
608 1383 670 1434 loco
683 1387 799 1434 remoto.

351 1453 436 1506 Dicat
444 1454 561 1507 forsitan
571 1455 639 1514 haec
648 1457 783 1524 sibi'ipse:
798 1470 886 1508 nemo

350 1530 504 1596 praecisum
514 1532 582 1582 sciet
591 1546 650 1582 esse
660 1547 717 1594 me3
731 1531 779 1582 sed
790 1537 875 1582 errata

349 1604 456 1671 magnis
466 1604 583 1656 testibus
590 1606 645 1656 ista
655 1621 699 1656 res
709 1611 812 1672 agetur.

543 1696 576 1735 15.
601 1692 641 1735 Ad
659 1692 801 1749 Priapum.
822 1693 825 1699 '

278 1766 412 1831 Qualibus
422 1766 609 1835 Hippomenes
620 1770 692 1837 cepit
702 1768 873 1821 Schoeneida
881 1770 984 1836 pomis:

314 1842 441 1909 qualibus
451 1843 632 1910 Hesperidum
641 1844 744 1896 nobilis
753 1841 848 1895 hortus
859 1848 933 1895 crat.-

276 1916 371 1985 qualia
382 1918 511 1969 credibile
522 1924 566 1970 est
573 1920 737 1985 spatiantem
747 1933 809 1969 rure
819 1923 941 1984 patemo«

312 1989 478 2043 Nausicaan
489 1993 569 2058 pleno
580 2008 661 2059 saepo
671 1994 771 2044 tulisse
780 1992 853 2043 sinu:

276 2066 358 2133 quale
368 2064 422 2117 fuit
430 2066 540 2129 malum,
552 2069 626 2134 quod
635 2069 717 2119 litera
727 2067 815 2134 pinxit
823 2066 939 2130 Aconti.

314 2155 369 2207 qua
378 2141 450 2192 lecta
460 2142 558 2208 cupido
570 2149 652 2209 pacta
660 2143 752 2209 puella
761 2142 821 2193 viro
832 2146 886 2193 ests

274 2215 450 2282 taliacunque
460 2232 528 2282 puer
537 2216 662 2268 dominus
674 2217 796 2269 llorentis
806 2215 894 2283 agelli,

313 2290 446 2357 imposuit
456 2306 574 2355 mensae,
584 2293 655 2343 nude
665 2292 773 2358 Priape,
783 2296 855 2342 tuae.

580 2383 612 2423 16.
638 2361 768 2433 Priapus.

352 2452 423 2513 Quid
434 2471 537 2506 mecum
547 2458 607 2519 tibi,
619 2458 730 2508 circitor
742 2451 879 2506 molestet

348 2528 386 2596 ‘ad
402 2539 443 2579 me
455 2531 519 2595 quid
529 2530 657 2596 prohibes
667 2532 759 2582 venire
768 2526 871 2581 iuremi

350 2602 477 2666 Accedat,
488 2606 558 2657 sine:
573 2606 665 2657 laxior
674 2605 790 2657 redibit<
852 2611 861 2623 ‘

577 2698 609 2735 ll.
636 2694 767 2749 Priapus.

274 2768 465 2821 Commoditas
477 2768 546 2821 haec
556 2776 597 2821 est
606 2771 633 2821 in
644 2776 743 2824 nostro
751 2771 879 2823 maxima
884 2785 973 2837 pene,

305 2844 372 2893 lm
383 2846 457 2910 quod
467 2861 527 2898 esse
538 2845 608 2900 mihi
619 2847 727 2904 lemine
735 2850 821 2903 nulla
827 2850 940 2916 potest.

826 2939 904 2991 ΒΜ
956 2933 964 2948 ’
