2750 3450
344 371 393 423 Μ
628 368 843 420 'maurianis

597 528 645 569 156.
664 525 758 570 lionae
777 526 894 580 Tyriae.

345 619 402 672 Noe
413 619 653 672 Lacedaemoniae
662 626 760 688 pastor
768 621 883 673 donavit
892 621 1015 674 enucaez

382 695 505 748 deterior
514 694 609 747 Ledae
618 711 740 762 purpura
747 697 844 748 matr-in
853 702 923 748 erat.
998 705 1000 709 '

556 822 603 861 151.
622 818 717 861 Lanae
735 816 932 862 Pollentinae.

345 895 408 948 Non
418 901 523 947 tantum
536 895 612 962 pullo
622 896 746 964 lugentes
756 895 857 948 vellere
866 896 956 960 lanae,

383 970 430 1022 aed
442 972 514 1022 solet
523 975 551 1021 et
560 971 660 1023 calices
670 969 740 1022 haec
749 970 815 1022 dare
823 976 899 1023 terra
908 986 985 1023 euos.

668 1095 717 1136 158.
735 1091 820 1135 lolem.

346 1169 426 1221 Lana
438 1170 548 1236 quidem
557 1169 655 1233 tristis,
665 1169 715 1220 sed
723 1169 813 1221 tonsis
824 1174 890 1236 apta
899 1171 1049 1236 ministris,

385 1245 480 1311 quales
490 1260 545 1295 non
555 1246 643 1311 primo
656 1243 690 1295 de
700 1259 782 1313 grege
792 1260 887 1296 menen
896 1251 989 1298 vocat.

520 1369 568 1410 159.
589 1366 756 1411 Tomentum
773 1366 972 1412 Leuconicum.

348 1444 502 1510 Oppressae
512 1444 625 1494 nimium
635 1443 728 1505 vicina
738 1448 780 1494 est
789 1442 878 1495 fascia
887 1444 1017 1511 plumaei

383 1517 495 1570 Vellera
504 1518 669 1571 Leuconicis
680 1519 775 1586 accipe
783 1534 848 1571 rasa
858 1519 942 1588 sagio.

547 1645 595 1685 160.
615 1642 781 1686 Tomentum
800 1641 943 1686 Circense.

348 1718 511 1771 Tomentum
524 1719 636 1772 concisa
645 1719 726 1788 palus
737 1717 863 1773 Circense
873 1726 1004 1773 vocetur:

383 1793 451 1845 haec
461 1810 512 1861 pro
524 1794 681 1847 Leuconico
693 1796 827 1847 stramina
835 1808 940 1863 pauper
950 1798 1029 1847 emit.

658 1919 705 1960 161.
724 1915 831 1962 Pluma.

346 1994 450 2047 Lassus
460 1994 609 2061 Amyclaea
618 1995 724 2062 poteris
733 1995 904 2061 requiescere
914 1995 1021 2062 pluma,

383 2071 499 2122 interior
510 2071 593 2139 cygni
603 2085 685 2139 quam
693 2070 746 2122 tibi
755 2070 821 2121 lana
831 2070 914 2121 dedit.

648 2196 696 2236 162.
716 2193 843 2235 Faenum.

345 2273 486 2324 Fraudata
495 2276 600 2324 numeret
608 2269 716 2337 fragilis
725 2270 778 2320 tibi
788 2270 890 2320 culcita
898 2270 990 2327 mulae

382 2363 438 2398 non
447 2348 522 2399 venit
532 2347 567 2398 ad
579 2346 662 2398 duros
671 2345 778 2412 pallida
787 2360 853 2397 eura
861 2350 950 2397 toros.

591 2472 638 2511 16³.
658 2465 910 2511 Tintinnabulum.

345 2543 438 2596 Redde
449 2546 548 2612 pilam:
563 2551 644 2597 sonat
654 2560 702 2595 ace
711 2543 885 2595 thermarum.
913 2542 1031 2600 Ludere
1042 2547 1146 2618 pergin!

383 2619 496 2687 Virgine
506 2621 548 2672 vie
559 2621 621 2672 sola
629 2621 703 2671 lotus
714 2620 791 2672 abire
799 2620 921 2671 domum.

657 2746 706 2787 iii.
722 2743 834 2785 liincue.

330 2826 498 2898 Splendida
509 2846 576 2885 cum
585 2827 708 2883 vollieni
715 2818 985 2888 Spumaniponoena
992 2822 1082 2880 mccx„

363 2915 429 2966 este
440 2911 567 2983 procul,
578 2906 682 2984 pueri:
697 2903 738 2956 aie
747 2890 1022 2949 eemciilienocene.
