2750 3450
268 2919 429 3029 ¹OE

362 401 410 448 182
651 399 863 445 uiuamus

453 540 503 574 nec
513 525 581 574 turis
592 525 703 574 veniant
712 524 785 574 leves
795 522 925 584 selibram

452 599 501 649 sed
512 598 604 649 lances
614 598 685 649 ferat
695 607 743 648 aut
753 596 871 664 scyphos
882 612 1002 650 avorum

453 679 500 723 aut
509 675 621 740 grandis
631 690 694 724 rens
705 681 752 724 ant
762 680 859 739 potens
869 672 993 724 amictu:

451 764 500 797 seu
510 750 584 814 quod
594 756 621 797 te
631 749 724 814 potius
733 750 809 797 iuvat
820 747 964 812 capitque:

452 824 493 873 sic
502 824 597 873 vincas
606 821 779 888 Noviumque
787 821 972 888 Publiumque

452 898 572 948 mandris
583 905 610 948 et
620 898 707 948 vitreo
720 897 827 948 iatrone
837 896 965 959 clansos3

451 974 493 1023 sic
502 973 621 1038 palmam
630 973 683 1023 tibi
695 973 728 1021 de
738 973 844 1038 trigone
853 969 928 1023 nudo

450 1054 548 1098 unctae
560 1047 606 1097 det
615 1046 696 1098 favor
707 1046 808 1097 arbiter
818 1059 949 1107 coronae,

450 1138 501 1172 nec
510 1122 604 1172 laudet
613 1118 715 1187 Polybi
725 1122 814 1187 magis
824 1120 966 1171 sinistras:

450 1198 474 1247 si
485 1197 629 1263 qnisquam
639 1212 700 1247 mea
711 1197 812 1246 dixerit
821 1194 967 1261 malignus,

450 1278 511 1322 atro
523 1271 645 1321 canuina
655 1286 725 1337 qnae
735 1270 846 1321 madent
853 1283 974 1332 venen03

450 1352 481 1395 ut
490 1360 585 1396 vocem
594 1344 661 1396 mihi
672 1345 830 1396 commodes
839 1350 998 1411 patronam,

450 1427 485 1482 et,
497 1427 626 1486 quantum
637 1421 751 1486 poteris,
762 1420 810 1471 sed
820 1433 914 1485 nsque,
927 1419 1050 1471 clames:

450 1510 505 1545 uon
515 1496 626 1561 scripsit
634 1510 711 1546 meus
720 1495 776 1546 ista
789 1493 936 1544 Martialis.

588 1600 593 1613 '
620 1612 655 1651 u.
680 1608 719 1650 sa
739 1608 895 1650 uanam.

359 1682 491 1750 Esquiliis
502 1684 599 1738 domus
609 1691 659 1749 est,
678 1686 776 1738 domus
786 1684 889 1737 esttibi
900 1684 974 1735 colle
984 1684 1106 1751 Dianae,

396 1764 424 1809 et
432 1765 480 1809 tua
490 1763 622 1826 patricius
633 1762 754 1812 culmina
762 1762 839 1811 vicus
849 1759 945 1810 habet:

358 1831 422 1883 hinc
431 1835 530 1886 viduae
541 1834 668 1901 Cybeles,
676 1836 756 1887 iiiine
766 1837 890 1887 sacraria
899 1833 1018 1899 Vestae,

394 1909 458 1958 indo
469 1925 579 1972 novum,
589 1917 708 1961 veterem
718 1912 854 1977 prospicis
864 1910 928 1959 inde
939 1908 1045 1962 lovem.

357 1981 420 2043 Dic,
431 1983 477 2033 ubi
489 1986 663 2035 conveniam:
680 1985 733 2046 dic,
745 2000 799 2050 qua
807 1990 835 2035 te
845 1991 923 2050 parte
932 1986 1094 2051 requiram!

396 2056 527 2124 Quisquis
533 2059 633 2125 ubique
639 2057 1032 2125 habitatMaximanusquam
1044 2060 1137 2113 habita

496 2172 531 2212 'iu
554 2170 608 2213 Pro
630 2170 702 2212 Caro
722 2177 747 2212 et
764 2170 897 2211 Norbana
916 2178 1018 2214 votum.

358 2246 484 2311 Cyllenes
495 2247 620 2314 coelique
629 2248 721 2311 decus,
731 2247 848 2297 facunde
856 2247 992 2311 minister,

395 2336 479 2372 aurea
489 2323 534 2372 cui
542 2328 617 2373 torto
629 2324 708 2389 virga
719 2323 837 2373 dracone
847 2322 929 2373 viret:

357 2397 397 2445 sic
407 2396 458 2446 tibi
468 2397 566 2447 lascivi
577 2413 632 2448 uon
643 2397 714 2447 desit
725 2397 807 2463 copia
815 2395 890 2458 furti,

394 2471 452 2521 sivo
462 2472 538 2537 cupis
548 2469 680 2537 Paphien,
691 2487 740 2522 seu
751 2470 910 2537 Ganymede
925 2470 1014 2524 cales:

357 2550 548 2612 maternaeque
559 2547 645 2597 sacris
657 2552 786 2597 ornentur
799 2545 943 2597 frondibus
953 2544 1031 2612 idus,

395 2623 421 2668 et
431 2621 524 2671 senior
534 2636 618 2686 parca
627 2621 701 2672 mole
712 2627 849 2688 prematur
859 2636 939 2671 avum

357 2689 428 2743 huuc
438 2710 544 2760 semper
555 2694 688 2746 Norbano
698 2698 770 2748 diem
781 2712 841 2748 cum
853 2696 970 2764 coniuge
981 2697 1060 2753 Caro

388 2768 467 2822 iacta
478 2770 564 2836 colat,
574 2772 673 2841 primis
683 2787 738 2838 quo
748 2772 928 2823 coieretoris.

338 2845 401 2900 iiic
409 2849 480 2918 pius
492 2850 621 2903 antistes
632 2845 752 2917 sopiiiae
763 2859 817 2896 sun
824 2843 1065 2894 dommum-m

438 2933 470 2984 te
479 2933 553 2982 ture
562 2934 666 2990 vocat,
675 2924 755 2975 iidus
766 2913 950 2978 etius-,ium
