2750 3450
426 357 740 407 arianimirum
767 359 836 407 ΗΒ.
862 359 930 407 xiv.
1023 357 1072 410 363

504 482 538 522 93.
562 478 667 522 Pocula
684 478 848 536 archetypa.

278 571 344 624 Non
356 577 397 623 est
406 573 461 625 ista
470 587 572 636 reeens,
582 588 632 623 nec
641 574 729 624 nostri
739 572 830 639 gioria
840 573 922 624 caeli:

318 647 421 713 primus
435 649 465 698 in
475 645 517 698 hia
528 647 644 711 Mentor,
654 648 717 698 dum
728 647 796 698 iacit
804 648 863 712 iiia,
872 647 950 699 bibit

588 772 622 811 94.
639 749 759 811 Calices.

280 861 346 914 Non
355 877 447 914 sumus
458 862 571 913 audacis
581 861 688 928 piebeia
698 867 851 913 toreumata
859 862 936 912 vitria

318 942 415 989 nostra
423 953 473 988 nec
483 938 588 988 ardenti
598 935 704 1004 gemma
713 935 809 988 feritur
819 951 899 1004 aqua.

415 1115 418 1121 Ι
478 1062 512 1103 95.
528 1057 630 1099 Phiala
649 1069 735 1101 aurea
753 1056 873 1101 caelata,

282 1153 414 1215 eramvis
425 1152 547 1203 Callaico
557 1152 668 1203 rubeam
678 1166 813 1219 generosa
822 1150 944 1213 metallo,

319 1229 425 1296 glorior
434 1233 492 1279 arte
502 1227 602 1294 magis:
613 1242 675 1277 nam
686 1225 770 1293 Myos
778 1227 831 1278 iste
841 1225 929 1277 labor.

519 1334 554 1375 99.
580 1330 695 1375 calices
712 1330 831 1374 vatinii.

280 1423 359 1476 Vilia
368 1426 469 1477 sutoris
479 1425 591 1478 caiieem
602 1431 777 1478 monumenta
786 1423 880 1476 Vatini
901 1482 903 1485 ¹

320 1501 426 1568 accipe:
440 1501 488 1552 sed
498 1517 580 1552 nasus
589 1501 700 1568 longior
709 1501 757 1551 iile
766 1499 828 1550 init.

476 1609 510 1649 9¹1·
535 1604 642 1647 Lances
661 1603 877 1657 chrysendetae.

282 1698 405 1751 Grandia
415 1714 449 1751 ne
457 1699 533 1752 viola
543 1712 627 1765 parvo
639 1695 820 1765 chrysendeta
828 1695 926 1748 mullo:

319 1780 351 1826 ut
359 1775 507 1839 minimum,
517 1774 601 1826 iibras
612 1773 693 1825 debet
701 1771 801 1824 habere
815 1771 891 1822 duas.

536 1883 571 1923 98.
597 1877 671 1920 Vasa
690 1877 814 1919 Aretias.

281 1974 395 2027 Aretina
403 1974 484 2025 nimis
493 1988 527 2025 ne
536 1988 648 2039 spernas
658 1988 734 2035 vasa,
744 1984 896 2021 monemus:

319 2050 410 2101 lautus
421 2053 480 2100 erat
492 2049 589 2100 Tuscis
598 2047 721 2100 Porsena
731 2045 869 2097 fictilibus.

570 2155 604 2196 99.
629 2152 783 2195 Bascauda.

281 2247 407 2301 Barbara
418 2248 540 2314 depictis
552 2247 611 2297 reni
621 2245 761 2297 bascauda
769 2241 922 2293 Britannis:

320 2323 369 2375 sed
378 2338 421 2375 me
430 2323 485 2374 iam
495 2321 597 2373 mavult
607 2321 698 2373 dicere
708 2320 796 2371 Roma
805 2331 892 2369 saara·

582 2429 630 2468 199,
653 2424 772 2468 Panaca·

282 2521 314 2575 Si
324 2537 379 2575 non
388 2522 484 2589 ignota
494 2526 535 2572 est
545 2520 620 2571 docti
628 2518 680 2569 tibi
692 2522 766 2568 terra
775 2514 885 2577 Gamlli,

321 2598 424 2664 potasti
432 2600 504 2647 testa
513 2592 646 2645 Rhaetica
654 2592 720 2644 vina
728 2605 798 2641 mea.

561 2701 608 2740 1⁰1.
633 2694 791 2739 Boletaria.

283 2796 350 2849 Cum
360 2792 428 2846 mihi
436 2792 522 2846 boleti
534 2791 657 2843 dederint
665 2794 722 2839 tam
733 2787 825 2840 nobile
834 2800 942 2849 nomen,

320 2869 495 2939 prototomis,
504 2867 589 2936 pudet
598 2864 658 2929 heu,
670 2864 761 2916 servio
772 2862 906 2915 coliculis.

426 3141 441 3170 A
