2750 3450
294 360 328 413 56
583 362 796 408 ntAltTlAhts

452 484 485 522 56,
511 480 548 520 ‚id
569 478 680 522 Gallum
701 480 733 524 ds
754 481 815 523 sins
833 494 931 523 nxnrs.

299 565 431 617 Gentibus
441 566 469 614 in
478 563 593 629 Libycis
603 572 739 627 uxortua,
751 563 840 627 Galle,
853 570 972 618 notatur

333 639 496 690 immodicae
507 638 589 689 iocdo
600 639 712 689 crimine
724 640 865 690 avaritiae.

299 714 352 766 Sed
362 729 437 764 mera
446 720 591 763 narrantur
600 712 757 764 mendacia:
776 730 831 764 non
841 713 914 764 solet
922 714 977 765 illu

334 790 457 853 accipere
469 787 588 838 omniuo.
610 785 683 847 Qum
696 787 768 838 solet
778 786 861 855 ergo?
880 787 969 841 Dure.

514 895 547 934 51.
571 890 603 933 In
621 891 722 933 fictum
743 890 866 934 divitem.

352 976 414 1039 Hic,
430 992 508 1043 quem
518 974 617 1025 videtis
628 975 766 1042 gressibus
776 976 853 1042 vagis
867 975 983 1042 lentum,

350 1049 583 1116 Amethystinatus
593 1049 684 1100 media
693 1050 739 1116 qui
750 1056 825 1100 secat
834 1057 926 1116 septa;

353 1141 432 1193 quem
442 1140 497 1175 non
507 1123 624 1173 lacernis
634 1122 748 1174 Publius
757 1139 833 1175 mens
843 1125 939 1189 vincit,

351 1216 406 1250 nnn
416 1201 475 1264 ipse
486 1197 592 1248 Codrus
603 1195 685 1265 alpha
694 1197 898 1263 penulatorum

353 1289 430 1340 quem
441 1287 506 1339 grex
517 1277 627 1338 togatus
637 1272 768 1337 sequitur,
778 1278 806 1324 et
816 1273 975 1339 capillatus,

351 1361 497 1412 recensque
508 1345 576 1396 sella
585 1345 731 1412 linteisque
740 1347 875 1413 lorisquet

353 1421 541 1488 oppigneravit
552 1419 658 1470 Claudii
670 1420 753 1471 modo
765 1421 800 1472 ud
809 1436 932 1473 mensum

352 1498 398 1547 vix
414 1501 476 1546 octo
491 1494 607 1545 nummis
623 1494 761 1557 annulum,
775 1496 846 1547 unde
861 1502 1003 1549 coenaret.

577 1603 612 1643 ts.
635 1598 668 1665 ¹.¹
686 1597 803 1642 Zoilum.

300 1683 419 1735 Pexatus
430 1684 540 1752 pulchre
550 1685 624 1737 rides
634 1699 704 1747 mea,
714 1681 800 1745 zoile,
810 1682 884 1733 trita.

336 1758 404 1810 Sunt
414 1758 481 1811 haec
490 1763 556 1812 trita
566 1760 683 1827 quidem,
698 1757 784 1820 Zoilo,
797 1758 845 1808 sed
855 1772 918 1810 mea
927 1764 1002 1811 sunt.

487 1869 522 1909 tn.
547 1864 588 1907 De
606 1864 777 1908 connutinnc
794 1862 888 1904 miens.

300 1946 375 1996 Mica
385 1964 482 1999 vocor:
503 1948 568 2015 qnid
579 1948 638 2010 sim,
650 1948 753 1998 cernis:
773 1946 900 1997 coenatio
915 1961 1014 2012 parva.

337 2021 378 2071 Ex
388 2038 430 2072 me
442 2022 603 2073 Caesareum
615 2021 761 2088 prospieis,
776 2034 848 2082 ecce,
860 2017 978 2072 tholum.

299 2095 405 2163 Frange
416 2101 502 2158 toros,
513 2102 574 2162 pete
583 2096 656 2158 vina,
671 2111 751 2146 rosas
762 2110 837 2161 cape,
852 2094 959 2160 tingere
968 2097 1076 2152 nardus

337 2171 396 2236 ipsc
405 2170 481 2220 iubet
490 2170 587 2221 mortis
595 2176 623 2220 te
633 2170 788 2221 meminisse
799 2168 873 2220 deus.

581 2284 615 2325 to.
639 2282 673 2325 In
692 2281 812 2336 Hyllum.

302 2373 419 2424 Uxorem
432 2374 529 2426 armati
539 2373 633 2439 futuis,
643 2390 711 2442 puer
720 2375 813 2442 Hylle,
825 2373 937 2436 tribuni,

339 2448 502 2515 supplicium
517 2455 621 2500 tantum
632 2450 695 2501 dum
706 2449 809 2515 puerile
823 2449 912 2499 times.

302 2520 361 2573 Vae
371 2524 431 2586 tibi,
443 2523 505 2575 dum
516 2524 602 2576 ludis:
623 2524 787 2575 castrabere.
820 2522 877 2572 lam
886 2519 957 2574 mihi
966 2523 1059 2592 dices,

339 2614 394 2648 non
404 2599 469 2648 licet
479 2597 539 2649 hnc.
566 2597 647 2661 Quid,
656 2603 687 2648 tu
701 2598 774 2664 qnod
784 2596 862 2659 iacis,
873 2595 969 2661 Hylle,
980 2598 1069 2653 liceti

556 2704 590 2745 ⁶1.
613 2701 645 2745 ln
664 2699 836 2744 maledicum.

287 2793 353 2841 Cum
364 2795 419 2843 tr'br'
430 2804 578 2851 vernarent
592 2797 682 2852 dubia
692 2797 825 2868 lanugine
835 2793 943 2857 malae,

301 2864 581 2931 lambebatmedr'os
592 2878 733 2950 improba
747 2877 856 2947 lingua
865 2871 960 2924 uirum
