2750 3450
343 260 663 340 nrrdssmusruu
690 290 758 337 urs.
782 290 827 339 un
931 287 981 340 225

346 415 380 455 35.
405 411 445 454 ne
463 408 568 466 templo
583 412 681 464 ¹gentis
700 409 825 454 Flavias.

264 521 293 557 er
301 504 379 557 Idaei
388 505 450 555 risit
459 504 602 555 mendacia
611 504 693 568 busti,

264 597 289 631 m
301 579 376 631 videt
385 579 500 645 Augusti
509 577 607 629 Flavia
615 579 719 644 templa
728 579 800 646 poli:

264 671 270 705 ε
280 656 352 705 inter
362 669 469 704 mensas
479 652 556 720 largo
566 654 621 703 iam
632 658 742 704 nectare
751 653 837 715 fusus,

264 729 327 780 enla
337 744 396 780 cum
406 727 491 778 lllarti
500 727 621 778 traderet
629 728 688 793 ipse
699 743 766 791 sn03

264 805 337 856 ciens
347 802 485 854 Phoebum
496 803 599 868 pariter
608 799 768 870 Phoebique
778 816 910 866 sororem,

264 896 286 929 m
298 878 397 947 quibus
405 877 514 928 Alcides
525 883 553 927 et
560 878 621 943 pius
631 877 717 928 Areas
727 883 799 929 erat:

265 955 308 1004 sia
319 968 377 1015 vos,
387 953 485 1018 inquit,
495 951 576 1003 nobis
586 960 760 1003 monumenta
771 950 898 1002 dedistis:

264 1029 338 1091 inite,
349 1041 430 1093 quam
440 1027 502 1093 plus
512 1027 556 1090 sit,
569 1025 696 1078 Caesaris
705 1043 764 1078 esse
774 1031 887 1094 patrem.

430 1133 465 1173 36.
490 1128 523 1172 ln
540 1129 741 1173 Philomusum.

265 1243 299 1277 us
309 1223 353 1276 his
363 1239 469 1291 semper
478 1238 600 1287 coenam,
611 1222 778 1288 Philomuse,
789 1226 909 1290 mereris,

265 1301 345 1352 rrima
356 1300 418 1350 dum
429 1299 518 1366 lingis,
528 1297 576 1348 sed
588 1300 667 1364 quasi
675 1315 742 1350 vera
752 1299 846 1351 refers.

273 1374 339 1442 quid
349 1375 378 1424 in
387 1375 500 1425 Arsacia
510 1374 630 1424 Pacorus
641 1373 774 1425 deliberet
785 1375 857 1438 aula,

265 1463 386 1501 renanam
396 1464 521 1499 numeras
532 1446 766 1515 Sarmaticamque
775 1465 893 1500 manum.

266 1539 283 1575 a
293 1524 371 1576 ducis
381 1523 452 1574 Daci
463 1521 565 1573 chartis
575 1522 705 1574 mandata
715 1525 851 1591 resignas3

265 1600 368 1650 drieem
378 1597 493 1661 laurum,
504 1613 584 1664 quam
595 1599 676 1660 venit,
687 1604 749 1649 ante
759 1599 844 1649 vides.

273 1675 380 1743 quoties
390 1672 492 1726 Phario
502 1673 612 1748 madeat
622 1671 685 1724 love
696 1671 774 1724 fusca
784 1671 886 1741 Syene:

265 1766 292 1812 s,
303 1755 388 1815 quota
399 1750 432 1800 de
442 1748 550 1816 Libyco
561 1748 642 1798 litore
656 1748 754 1814 puppis
764 1753 821 1799 eat:

265 1823 370 1875 {Iuleae
381 1825 464 1890 cupiti
474 1828 620 1874 nascantur
631 1822 735 1884 olivae3

265 1899 348 1950 stinet
357 1895 498 1949 aetherem
510 1898 554 1948 cui
564 1912 614 1947 sua
624 1902 698 1947 serta
707 1903 793 1963 pater.

265 1979 345 2024 etuas
356 1979 436 2035 artes,
446 1970 528 2023 hodie
540 1972 669 2022 coenabis
679 1972 751 2037 apud
761 1987 812 2035 me,

267 2064 281 2099 e
290 2048 358 2115 lege,
368 2051 399 2097 ut
407 2061 501 2098 narres
510 2046 559 2109 nil,
570 2044 736 2111 Philomuse,
746 2048 820 2100 nuri.

271 2147 426 2205 olloquinm
445 2149 615 2204 Ganymedis
634 2156 662 2194 st
679 2151 758 2196 lovis
777 2166 862 2207 super
880 2152 984 2195 Euius

381 2212 409 2249 et
428 2204 497 2249 aliia
516 2207 674 2250 Domitiani
692 2209 797 2263 pueris.

264 2288 309 2334 rat
317 2283 466 2335 Ausonium
475 2284 569 2351 positu
579 2285 662 2337 modo
675 2286 750 2337 crine
759 2286 912 2336 ministrum

265 2372 323 2424 uyx
333 2373 407 2424 puer,
419 2358 532 2410 alterius
545 2360 647 2426 gaudia
656 2366 724 2411 nuta
734 2358 821 2411 lovis:

275 2438 347 2495 tuus,
358 2448 431 2496 ecee,
442 2449 492 2485 suo
505 2433 607 2486 Caesar
615 2434 741 2500 permisit
751 2431 864 2500 ephebo,

268 2508 394 2574 permitte
403 2513 461 2572 tuo,
472 2510 589 2560 maxime
599 2513 698 2571 rector,
710 2509 758 2558 ait.

265 2580 330 2633 mihi
339 2583 428 2648 prima
437 2582 505 2634 latet
514 2583 604 2650 longis
614 2583 715 2649 lanugo
727 2581 849 2648 capillisz

266 2673 286 2707 u
295 2662 344 2708 tua
353 2672 397 2708 me
406 2657 478 2709 ridet
487 2657 564 2721 luno,
573 2664 709 2724 vocatque
717 2658 813 2708 virum.

266 2737 333 2784 vater
343 2730 493 2796 aetherem,
503 2747 597 2799 puero
608 2732 774 2795 dulcissime,
785 2732 867 2782 dixit:

267 2823 286 2859 n
295 2821 350 2880 ego·
358 2807 433 2875 quud
442 2807 543 2874 poscis,
556 2821 600 2858 res
610 2814 693 2875 negat
701 2807 832 2875 ipsatibi.

266 2899 366 2946 κω.
768 2900 790 2949 l‘
