2750 3450
306 336 357 390 1⁶8
598 338 815 385 MARTlrlLlS

360 463 447 514 mixto
458 462 585 529 lagenam
595 462 683 529 replet
697 461 733 513 ad
743 460 827 528 pedes
838 462 919 513 vino.

361 536 440 588 llaec
450 553 499 604 por
508 537 638 588 ducentas
650 553 710 588 cum
721 537 832 588 domum
843 536 912 587 tulit
922 537 1028 600 scalas,

361 628 445 680 seque
457 612 586 664 obserata
596 612 696 663 claruit
705 611 803 662 anxius
813 610 897 675 cella,

360 687 474 755 gulosus
484 687 532 738 ille
542 692 654 753 postero
666 686 711 737 die
721 686 822 737 vendit.

531 796 565 834 21.
590 793 629 834 De
650 789 742 834 natali
762 791 879 833 Lucani.

310 867 388 920 Haec
398 874 440 920 est
448 868 499 922 illa
509 869 576 931 dies,
588 883 667 935 quae,
677 867 770 934 magni
783 867 899 918 conscia
909 872 1021 934 partus,

345 943 486 995 Lucanum
497 943 608 1011 populis
619 948 647 993 et
655 944 716 1006 tibi,
727 942 817 1005 Polla,
829 941 918 993 dedit.

307 1016 382 1070 Heul
396 1018 471 1072 Nero
482 1018 611 1082 crudelis,
623 1018 753 1084 nullaque
763 1016 885 1069 invisior
892 1018 1010 1069 umbra:

346 1094 441 1146 debuit
450 1092 503 1147 hoc
512 1093 610 1145 saltem
620 1108 676 1145 non
687 1092 799 1143 licuisse
809 1092 871 1142 tibi.

598 1185 632 1223 22.
657 1182 696 1223 De
715 1182 820 1223 ecdem.

309 1259 389 1312 Vatis
399 1258 539 1326 Apollinei
548 1272 648 1326 magno
659 1256 847 1309 memorabilis
863 1264 929 1310 ortu

348 1335 395 1385 lux
406 1334 490 1385 redit:
510 1333 646 1385 Aonidum
655 1334 745 1393 turba,
757 1330 848 1383 favete
859 1334 960 1385 sacris.

308 1409 387 1461 Haec
398 1409 504 1471 meruit,
515 1425 575 1459 cum
585 1415 613 1459 te
622 1409 718 1470 terris,
733 1407 854 1486 lucane,
866 1408 1005 1473 dedisset,

346 1485 447 1535 mixtus
458 1482 598 1536 Castaliae
607 1483 704 1535 Baetis
713 1487 744 1533 ut
753 1486 825 1533 esset
835 1497 936 1548 aquae.
1044 1486 1048 1495 “

481 1591 516 1631 23.
541 1589 581 1631 De
600 1589 707 1639 eodem,
731 1588 764 1630 ad
783 1586 937 1631 Phoebum.

308 1664 428 1729 Phoebe,
438 1666 513 1730 veni,
529 1666 578 1717 sed
588 1669 706 1733 quantus
716 1678 786 1727 eras,
798 1679 859 1714 cum
868 1663 948 1716 bella
956 1668 1064 1719 tonanti

345 1743 405 1809 ipse
416 1742 496 1793 dares
506 1741 605 1792 Latiae
619 1741 724 1808 plectra
734 1739 854 1791 secrmda
862 1740 954 1805 lyrae.

310 1815 384 1879 Quid
393 1822 472 1868 tanta
481 1832 531 1883 pro
542 1817 603 1868 luce
614 1814 724 1883 proceri
744 1815 799 1878 Tu,
809 1813 900 1878 Pollu,
917 1819 1050 1870 maritum

346 1908 430 1959 saepe
442 1893 527 1956 colas,
543 1898 572 1943 et
580 1907 609 1944 sc
619 1891 721 1942 sentiat
729 1890 789 1957 ipse
799 1890 863 1941 coli.

565 2001 600 2040 24.
624 1996 655 2037 lu
674 1995 848 2038 maledicum.

311 2074 377 2125 Cum
388 2073 515 2127 luveuale
524 2089 586 2125 meo
599 2088 668 2140 quae
677 2088 721 2124 me
732 2071 903 2125 committere
917 2078 1023 2138 tentas,

348 2150 414 2216 quid
425 2164 480 2201 non
491 2149 613 2211 audebis,
628 2148 734 2215 perlida
743 2147 846 2215 lingua,
857 2146 955 2214 loqui!

310 2226 352 2276 Te
362 2224 480 2292 fingente
490 2223 576 2287 nefas,
592 2222 717 2290 Pyladen
728 2222 833 2275 odisset
843 2221 970 2275 orestes:

348 2298 456 2350 Thesea
466 2297 584 2351 Pirithoi
595 2299 765 2350 destituisset
779 2312 865 2348 amor.

311 2375 354 2425 Tu
365 2373 475 2426 Siculos
484 2374 593 2437 fratres,
604 2379 632 2424 et
640 2373 730 2425 maius
739 2388 838 2425 nomen
848 2372 972 2438 Atridas,

348 2455 376 2501 et
385 2449 479 2502 Ledae
493 2456 603 2517 poteras
614 2448 767 2500 dissociare
777 2463 871 2515 genus.

310 2523 373 2576 Hoc
382 2525 434 2577 tibi
445 2541 494 2592 pro
505 2526 610 2576 meritis
626 2530 654 2575 et
664 2523 767 2575 talibus
776 2524 914 2592 imprecor
924 2524 1012 2589 ausis,

349 2605 379 2650 ut
387 2599 475 2651 facias
486 2599 564 2664 illud,
575 2599 658 2667 quod,
664 2604 741 2666 puto,
752 2599 855 2666 lingua,
865 2597 945 2650 facis.
981 2659 988 2674 ἱ

534 2709 568 2748 25.
592 2703 624 2748 lu
644 2702 743 2746 malum
762 2708 882 2759 poetam.

306 2779 410 2831 Dulcia
421 2796 481 2833 cum
496 2785 601 2835 tantum
616 2782 722 2843 scribas
732 2781 932 2850 euigrammata
940 2798 1057 2850 semper,

335 2862 365 2909 et
373 2865 521 2915 cerussata
532 2861 707 2917 candidiora
717 2864 796 2913 cute:
