2750 3450
451 343 770 391 Epicudmmarum
796 342 866 392 ala.
896 347 914 392 Ι.
1045 343 1077 393 35

344 465 420 518 dicas
429 466 458 516 in
468 481 568 530 aurem,
578 468 626 530 sic,
636 474 667 518 ut
676 469 771 518 audiat
780 468 864 519 salus.

344 540 456 591 Amator
464 541 513 592 ille
522 542 640 591 tristium
651 542 828 604 lacernarum,

345 620 372 665 et
380 614 548 678 Baeticattu,
559 622 640 682 atque
648 614 870 682 leucophaeatus,

345 690 392 755 qui
402 690 559 740 coccinatos
568 705 623 741 nan
633 696 712 756 putat
720 691 795 741 viras
805 705 874 753 assa,

344 761 599 830 Amethystinasque
608 765 750 815 mulierum
764 770 846 814 vocat
853 771 951 824 vestes,

344 837 438 888 nativa
446 837 554 899 laudat3
569 836 669 888 habeat
679 845 706 889 et
715 839 780 889 licet
792 853 898 904 semper

344 911 562 977 aususausus,
575 911 715 963 Galbanaa
724 910 807 963 habet
816 927 919 975 mcuesg

344 986 462 1052 rogabit,
471 987 542 1037 unde
552 987 674 1052 suspicer
682 987 769 1038 virum
783 986 902 1037 mallem.

344 1059 404 1109 Una
413 1059 548 1111 lavamur:
561 1061 678 1126 adspicit
686 1059 756 1110 nihil
768 1076 887 1121 aursum;

345 1133 393 1184 sed
402 1139 508 1200 spectat
518 1136 604 1185 acidis
615 1135 807 1186 devorantibus
822 1135 952 1184 draucos:

345 1222 395 1257 nec
405 1209 503 1259 otiosis
513 1209 645 1259 mentulas
655 1209 730 1260 videt
739 1209 833 1259 labris.

347 1281 471 1345 Quaeris,
482 1283 542 1349 quis
552 1281 597 1333 hic
606 1282 657 1333 sitt
675 1283 786 1334 Excidit
795 1281 861 1333 milii
871 1298 977 1332 nomen.

454 1398 488 1439 98.
511 1395 551 1436 Ad
566 1393 718 1438 Nasvolum
737 1396 917 1438 causidicum.

292 1489 359 1538 Cum
371 1489 489 1539 clamant
499 1502 600 1550 amnes,
610 1487 731 1553 loqueris
739 1494 777 1550 tu,
787 1486 918 1549 Nacvcle‚
928 1495 1042 1547 tantum,

329 1568 356 1612 et
364 1569 393 1613 ta
402 1569 544 1628 patronum
556 1562 775 1626 causidicumque
786 1568 873 1627 putas.

293 1635 353 1688 Hac
361 1638 468 1688 ratione
477 1641 569 1702 potest
577 1651 656 1687 nemo
667 1651 723 1686 acu
734 1651 793 1686 csse
803 1637 928 1686 disertus.

327 1711 407 1775 Ecce,
416 1716 508 1762 taccat
518 1726 622 1762 omues:
636 1709 767 1772 Naevcle,
781 1710 826 1760 dic
836 1709 949 1776 aliquid.

556 1818 590 1858 99.
618 1815 657 1856 Ad
672 1813 810 1856 Flaccum.

290 1907 405 1973 Litigat,
416 1913 443 1957 et
452 1908 575 1975 podagra
584 1906 735 1971 Diodorus,
744 1898 852 1970 Flacca,
861 1908 979 1959 laborat.

329 1980 383 2032 Sed
393 1982 433 2033 nil
442 1988 558 2048 patrono
569 1983 698 2049 porrigit:
709 1981 778 2034 haec
788 1981 914 2050 chiragra
923 1990 972 2035 est.

490 2091 537 2128 100.
562 2087 600 2127 Ad
618 2086 749 2128 Calenum
768 2099 886 2130 avarum.

382 2169 443 2222 Nau
453 2172 561 2238 piamun
570 2172 653 2224 modo
662 2174 747 2224 vicies
761 2171 893 2237 habebam

381 2245 430 2297 sed
440 2253 497 2296 tam
505 2247 645 2313 prodigus,
657 2253 738 2313 atqua
747 2247 880 2311 liberalis,

381 2326 409 2371 ct
417 2326 474 2371 tam
483 2320 572 2371 lautus
583 2336 652 2384 eras,
664 2321 773 2384 calena,
784 2327 815 2371 ut
825 2338 918 2374 amnas

383 2399 508 2460 optarent
515 2394 567 2445 tibi
578 2398 678 2446 centies
690 2396 780 2446 amici.

383 2469 464 2519 Audit
472 2474 538 2520 vata
548 2469 622 2532 deus,
633 2485 781 2536 precesque
788 2476 910 2531 nostras3

381 2548 463 2608 atquc
475 2544 557 2607 iutra,
566 2551 642 2610 puto,
653 2544 783 2609 septimas
793 2543 931 2595 Kalendas

380 2622 482 2668 mortes
492 2614 546 2668 hcc
553 2618 605 2668 tibi
616 2623 735 2684 quatuor
744 2618 883 2669 dederunt.

381 2691 417 2742 At
425 2696 455 2741 tu
465 2692 513 2754 sic,
525 2693 604 2758 quasi
614 2708 669 2742 nun
679 2692 751 2742 foret
760 2693 894 2757 relictum,

382 2766 431 2818 sad
440 2773 546 2831 raptum
555 2768 607 2817 tibi
618 2768 728 2829 centies,
739 2767 822 2818 abisti

380 2841 522 2891 intantum
532 2842 615 2893 miser
629 2842 815 2906 esuritionem,
1056 2863 1112 3047 Ι

596 2933 601 2952 ¹
840 2938 893 2984 Gt.
