2750 3450
319 325 369 378 262
608 327 826 376 maurianis

596 451 630 490 5⁰·
657 448 697 490 De
716 447 830 502 Scorpo.

318 525 441 591 Frangat
452 523 595 574 ldumaeaa
605 524 693 574 tristis
703 523 830 574 Victoria
838 524 959 590 palmam

356 598 463 664 plange,
476 596 575 659 Favor,
587 612 670 647 saeva
679 604 792 664 pectora
801 597 875 649 nuda
884 615 976 651 manu.

319 671 408 723 Mutet
418 671 516 723 Honor
527 672 623 734 cultus,
634 677 661 722 et
671 673 774 738 iniquis
783 689 895 725 munera
905 673 1037 729 flammis:

356 747 433 797 mitte
445 753 601 809 coronatas,
613 745 711 797 Gloria
721 753 835 810 moesta,
846 764 949 800 comas.

319 822 382 872 Heu
392 819 511 871 lacinus!
531 822 620 887 prima
635 820 786 884 fraudante,
797 820 909 889 Scorpe,
919 823 1034 878 iuventa

357 896 470 959 occidis,
480 899 508 946 et
518 897 612 963 nigros
621 901 678 946 tam
689 898 745 948 cito
754 897 845 964 iungis
855 912 950 964 equos.

320 971 449 1022 cruribus
460 970 510 1021 illa
518 971 574 1021 tuis
585 986 691 1037 semper
700 979 847 1037 properata
859 972 1007 1042 brevisque

357 1062 405 1097 cur
414 1045 475 1108 tuit,
487 1049 514 1095 et
522 1045 596 1096 vitae
605 1051 660 1096 tam
670 1060 757 1112 prope
766 1052 839 1097 meta
847 1045 928 1098 tuaei

570 1153 605 1193 tl.
629 1150 669 1191 Ad
688 1149 861 1193 Faustinam.

319 1228 418 1289 Sidera
425 1229 481 1279 iam
492 1227 594 1293 Tyrius
604 1224 724 1292 Phryxei
734 1227 847 1293 respicit
857 1229 920 1296 agni

357 1304 473 1365 Taurus,
483 1308 511 1352 et
521 1301 654 1351 alternum
665 1301 783 1353 Castora
792 1301 864 1370 logit
872 1301 969 1357 utens.

319 1377 403 1428 Ridet
412 1393 485 1444 ager,
495 1377 610 1427 vestitur
619 1373 726 1440 humus,
739 1378 855 1428 vestitur
863 1384 892 1429 et
901 1379 998 1433 arboee

357 1453 499 1503 Ismarium
510 1450 600 1518 pellex
608 1450 700 1501 Attica
709 1451 802 1516 plorat
810 1451 881 1517 ltyn.

321 1527 406 1589 Quos,
417 1525 556 1589 Faustino,
568 1525 636 1589 dies,
647 1526 755 1591 qualem
765 1526 818 1576 tibi
828 1525 918 1579 Mna
926 1527 1083 1582 &vennam

358 1600 487 1653 abstulitl
506 1600 624 1664 Osoles,
636 1616 652 1652 o
663 1601 787 1652 tunicata
796 1599 886 1667 quiesi

320 1692 450 1740 onemus,
467 1674 592 1739 olentes,
604 1676 777 1744 solidumque
786 1676 922 1729 madentis
932 1691 1034 1731 aranu

357 1752 432 1816 litus,
442 1758 469 1803 et
478 1752 623 1818 aequoreis
633 1752 792 1818 splendidus
801 1752 894 1803 Anxur
903 1754 997 1819 aquira

320 1833 349 1878 et
357 1843 412 1878 non
423 1828 502 1877 unius
513 1831 653 1893 spectator
662 1826 778 1878 lectulus
787 1828 886 1890 undae,

358 1903 406 1969 qui
415 1902 490 1952 videt
499 1899 563 1952 hinc
572 1915 677 1967 puppes
686 1900 815 1964 fluminis,
825 1902 888 1954 inde
898 1899 995 1955 marial

321 1975 376 2029 Sed
386 1992 436 2027 uec
444 1975 580 2037 Marcelli,
589 1975 849 2041 Pompeianumque,
858 1992 910 2029 nec
917 1978 977 2029 illic

356 2056 419 2102 sunt
428 2051 550 2116 triplices
560 2049 690 2113 thermae,
701 2065 751 2101 nec
760 2050 823 2101 fora
831 2052 924 2103 iuncta
934 2060 1045 2118 quatere

318 2141 368 2176 nec
379 2124 529 2191 Capitolini
538 2140 671 2176 summum
681 2125 819 2191 penetrale
828 2127 973 2190 Tonann'a,

357 2215 480 2267 quaeque
488 2201 577 2250 nitent
587 2199 665 2251 coelo
676 2202 803 2266 proxima
816 2201 917 2266 templa
925 2217 986 2254 suo.

318 2273 418 2326 Dicere
426 2281 454 2325 te
465 2274 566 2325 lassum
578 2275 686 2342 quoties
695 2290 746 2342 ego
758 2275 839 2326 credo
856 2274 985 2335 Quirino:

356 2365 426 2417 quae
435 2356 484 2401 tua
493 2356 564 2413 sunt,
574 2351 626 2401 tibi
635 2348 719 2401 habe:
736 2365 805 2417 quae
816 2364 884 2411 mea,
894 2349 978 2401 redde
988 2352 1066 2404 mihi.

587 2449 622 2489 62.
646 2447 686 2490 De
705 2448 839 2502 spadone.

410 2520 510 2575 Thelin
519 2523 627 2575 viderat
638 2524 667 2574 in
676 2529 743 2591 toga
753 2524 914 2591 spadonem:

411 2597 566 2649 damnatam
577 2596 667 2649 Numa
678 2598 749 2649 dixit
758 2614 818 2649 esse
827 2597 978 2650 moecham.

527 2694 561 2733 53.
586 2691 769 2747 Epitaphium
788 2692 896 2747 Scorpi.

318 2764 368 2816 llle
378 2781 429 2833 ego
440 2783 498 2818 sum
510 2766 639 2834 Scorpus,
649 2768 764 2821 clamosi
773 2767 864 2836 gloria
873 2767 957 2835 Circi,

348 2840 476 2910 plausus,
490 2841 588 2908 Roma,
598 2842 648 2907 tul,
659 2843 829 2911 deliciaeque
838 2844 947 2898 breves:
