2750 3450
314 351 347 404 66
601 354 813 401 alamanis

314 479 431 546 Imputat
441 477 582 529 aethereos
594 483 669 528 ortus
680 476 748 527 haee
760 476 848 542 prima
858 481 990 542 parenti:

350 554 420 604 libat
430 553 555 604 florentes
566 551 633 603 haec
642 552 693 602 tibi
704 552 792 617 prima
800 566 896 617 genas.

313 627 415 694 Magna
424 628 489 678 licet
499 628 604 677 dederit
613 627 747 677 iucundae
758 641 870 676 munera
880 628 972 692 vitae,

350 704 410 768 plus
421 716 556 770 nunquam
566 702 638 768 patri
648 701 786 767 praestitit
794 701 846 750 illa
854 700 926 752 dies.

585 810 605 847 l.
629 806 667 848 De
686 801 824 859 sportula

351 900 462 950 Centum
474 900 573 951 miselli
582 900 638 949 iam
648 899 737 949 valete
748 899 926 964 quadrantes,

350 976 567 1026 anteambulonis
580 974 748 1040 congiarium
759 973 835 1036 lassi,

351 1065 419 1115 quos
431 1049 569 1100 dividebat
579 1048 722 1099 balneator
733 1047 828 1097 elixus.

351 1124 422 1183 Quid
434 1124 571 1191 cogitatis,
582 1138 598 1173 o
609 1121 695 1172 fames
706 1119 873 1172 amicorum?

350 1197 431 1263 Regis
442 1198 551 1262 superbi
561 1197 700 1262 sportulae
710 1202 887 1246 recesserunt.

350 1271 425 1322 Nihil
435 1270 606 1337 stropharum
616 1268 735 1323 esttlam
746 1271 877 1343 salarium
888 1272 1013 1325 dandum
1023 1279 1072 1325 est.

581 1380 601 1418 8.
623 1375 654 1417 ln
674 1376 829 1423 Quinetutn.

320 1468 421 1519 l'haida
445 1468 578 1529 Quinetus
602 1474 683 1519 amat.
729 1466 816 1529 Quam
841 1466 969 1521 Thaidai
1003 1468 1101 1523 'lhaids

351 1619 437 1668 Unum
450 1618 557 1668 oculum
568 1617 652 1669 Thais
662 1634 718 1669 non
727 1543 968 1682 ὴαδοέῗὶἳῗὲᾞίιοε.

599 1726 619 1765 e.
644 1723 675 1764 ln
695 1723 816 1765 Cinnam.

316 1808 472 1859 Versiculos
482 1810 511 1859 in
521 1824 563 1859 me
573 1812 701 1858 momatur
709 1808 827 1859 seribere
837 1808 935 1861 Cinna.

351 1883 413 1935 Non
424 1884 529 1946 scribit,
540 1884 615 1933 euius
626 1883 747 1933 carmina
756 1898 835 1934 nemo
845 1883 923 1952 legit.

556 1991 587 2031 1⁰.
612 1986 644 2029 ln
662 1985 861 2030 Philoromum.

316 2073 471 2135 Constituit,
482 2071 647 2136 Philomuse,
659 2080 736 2140 pater
745 2075 796 2125 tihi
805 2073 894 2126 millia
900 2075 971 2128 bina

351 2153 496 2210 menstrua,
507 2161 606 2213 perque
618 2163 711 2199 omnes
721 2149 858 2216 praestitit
866 2149 918 2201 illa
929 2151 1001 2217 dies,

314 2222 448 2272 luxuriam
459 2227 592 2287 premeret
602 2237 660 2272 cum
673 2224 792 2274 crastina
801 2239 908 2290 semper
917 2233 1039 2295 egestas,

352 2302 378 2347 et
388 2296 462 2346 vitiis
473 2301 562 2346 essent
572 2295 662 2348 danda
672 2297 769 2348 diurna
778 2298 840 2348 tuis.

315 2371 388 2422 ldem
399 2376 425 2421 te
435 2372 554 2421 moriens
563 2368 688 2422 heredem
698 2388 731 2422 ex
742 2387 803 2422 asse
812 2371 937 2439 reliquit:

353 2443 527 2496 exheredavit
536 2451 572 2509 te,
578 2441 748 2509 Philemone,
763 2451 846 2512 pater.

589 2555 608 2592 1.
632 2551 672 2592 Ad
692 2553 845 2600 Quinetnn.

318 2637 347 2688 si
357 2644 404 2687 tua
414 2654 463 2689 nee
473 2637 567 2702 Thais,
577 2654 627 2689 nec
636 2638 713 2689 lusca
724 2644 773 2700 est,
791 2637 914 2700 Quinete,
924 2641 1031 2706 puella,
1073 2679 1077 2686 .

354 2727 401 2762 cur
410 2714 439 2762 in
448 2718 475 2764 te
485 2714 586 2765 factum
598 2712 735 2764 distichon
745 2728 804 2763 esse
815 2711 911 2777 potas?

302 2783 363 2834 Sed
368 2788 463 2839 simile
473 2797 518 2843 est
526 2790 651 2861 aliquid:
669 2805 720 2860 pro
730 2784 943 2840 lidide'lha'ida
950 2789 1022 2841 dixi.

324 2859 382 2910 Die
391 2862 474 2932 mihi,
488 2870 559 2938 quid
571 2870 671 2924 simile
680 2875 727 2923 est
737 2864 831 2919 Thais
841 2860 1055 2914 ethemima
