2750 3450
442 367 761 419 EPIGRAMMATUM
791 372 859 419 ΗΒ.
882 373 939 421 xil.
1039 371 1088 423 311

438 491 459 530 8.
482 487 513 530 ln
532 489 798 532 commendationem
819 489 945 534 Traiani.

386 581 532 634 Terrarum
543 582 595 634 dea
604 584 778 650 gentiumque
788 583 885 648 Roma,

387 656 432 708 oui
440 672 491 724 par
500 662 542 708 eat
552 655 629 721 nihil,
640 663 668 708 et
676 656 746 708 nihil
755 661 912 723 secundnm,

305 768 310 774 .
387 731 502 782 Traiani
512 732 595 783 modo
606 731 680 783 laeta
690 749 750 783 cnm
760 732 868 785 futuros

385 809 429 857 tot
438 821 487 872 per
497 806 589 857 secula
600 812 771 874 computaret
781 823 876 871 annos,

386 885 414 931 et
422 878 531 944 fortem,
541 881 727 949 iuvenemque,
738 881 922 949 Martiumque

385 954 416 1005 in
423 959 502 1006 tanto
514 955 582 1006 duee
591 955 707 1008 militem
718 957 834 1008 videret:

385 1028 458 1080 dixit
466 1029 592 1096 praeside
602 1030 802 1098 gloriosa-tali:

385 1101 549 1156 Parthorum
564 1119 700 1171 proceres,
712 1106 847 1173 ducesque
857 1103 962 1169 Serum,
1006 1135 1009 1142 -

385 1175 516 1243 Thraoeo,
527 1177 717 1242 Sauromatae,
729 1180 825 1244 Getae,
834 1180 969 1244 Britanni,

384 1268 495 1320 pomum
507 1253 651 1305 ostendere
661 1254 818 1319 Caesarem
835 1256 934 1306 venite.

559 1361 579 1402 9.
603 1359 643 1402 Διὶ
664 1361 820 1404 Caesarom-

292 1441 390 1494 Pulma
399 1445 470 1511 regit
479 1451 599 1509 nostros,
609 1447 754 1497 mitissime
765 1446 875 1508 Ceeaar,
885 1445 989 1512 iberos,

331 1522 359 1569 et
368 1519 478 1585 placido
489 1519 590 1571 fruitur
599 1535 654 1586 pax
663 1522 808 1588 peregrina
816 1522 892 1588 ingo.

292 1592 368 1661 Ergo
379 1594 484 1661 agimur
495 1594 561 1646 laeti
570 1598 649 1646 tanto
659 1609 710 1661 pro
721 1611 831 1647 munere
841 1600 946 1662 grates:

330 1668 431 1720 miniati
441 1684 532 1720 mores
542 1670 571 1720 in
581 1669 645 1720 loca
654 1674 751 1720 nostre
758 1674 831 1721 tuor.

559 1780 592 1817 10.
616 1775 655 1817 Da
674 1775 821 1818 Africana.

385 1850 478 1903 Habet
487 1850 630 1902 Africanus
640 1853 751 1913 millies,
760 1856 850 1901 tameo
862 1856 963 1916 captat.

383 1925 507 1978 Fortuna
516 1927 610 1978 multis
620 1928 669 1978 dat
677 1927 768 1990 nimia,
779 1926 848 1977 aetia
857 1926 935 1976 nulli.

423 2034 456 2073 11.
480 2032 574 2075 Mittit
593 2031 695 2074 librum
714 2032 748 2074 ad
766 2029 958 2073 Parthenium.

291 2104 440 2160 Parthenio
452 2108 506 2171 dio,
516 2108 607 2171 Musa,
615 2114 664 2161 tuo
675 2114 825 2175 nostroque
836 2108 965 2159 salutema

328 2196 391 2233 uam
402 2184 464 2249 qnia
475 2184 508 2233 ab
520 2184 608 2234 ‚ionio
619 2184 723 2252 largius
735 2198 813 2234 amne
821 2181 909 2233 bibiti

292 2258 371 2309 ouius
385 2255 526 2324 Pimplaeo
537 2258 600 2324 lyra
613 2260 716 2310 clarior
726 2260 783 2309 exit
793 2258 827 2309 ab
838 2256 935 2309 antro!

329 2347 408 2399 quem
418 2333 480 2399 pluo
489 2331 582 2384 Pierio
593 2334 627 2384 de
637 2349 719 2401 grege
729 2332 857 2385 Phoebus
868 2331 958 2383 amati

291 2405 451 2474 monforte,
462 2407 510 2460 aed
520 2405 574 2458 hoe
583 2408 630 2459 vix
640 2413 682 2459 est
690 2423 809 2474 operare,
819 2408 942 2458 vacabit:

328 2481 421 2533 tradat
430 2488 461 2533 ut
469 2484 530 2549 ipse
541 2482 604 2533 duoi
615 2484 737 2533 earmina
747 2487 852 2544 nostra,
862 2496 945 2548 roga3

293 2563 411 2624 quatuor
420 2563 448 2608 et
454 2563 561 2608 tantum
575 2558 756 2624 timidumque
764 2556 927 2621 brevemque
937 2557 1060 2609 libellum

330 2633 500 2694 commendet
509 2633 612 2684 verbio:
627 2631 708 2683 Hune
717 2638 766 2684 tua
775 2629 864 2683 Roma
873 2631 949 2697 legit.

335 2790 344 2803 ἢ
554 2742 586 2780 12.
609 2736 641 2779 In
658 2737 826 2780 Portunum.

292 2814 392 2866 Omnia
402 2815 549 2881 promittis,
561 2830 621 2866 eum
631 2819 693 2866 tota
702 2819 783 2865 noete
792 2813 901 2864 bibisti:

328 2888 486 2942 manenihil
495 2895 629 2975 oracutum
657 2888 968 2953 Postume,manebibe.
