2750 3450
441 372 765 423 nelonnmmnrum
784 376 855 422 ΗΒ.
874 375 919 423 ΧΙ.
1025 374 1075 426 297

560 498 594 538 62.
618 495 658 538 De
677 496 790 539 Lesbia.

275 586 383 641 Lesbia
392 604 421 641 se
431 589 505 641 iurat
513 591 600 657 gratio
610 605 748 656 nunquam
757 605 817 641 ease
825 588 951 641 fututam.

281 672 284 679 '
314 661 416 717 Verum
427 671 482 716 eet:
499 681 559 716 oum
568 664 640 717 futui
651 665 717 728 vult,
733 679 875 716 numerare
885 666 965 718 solet.

520 773 554 813 6³.
576 769 609 812 In
628 768 827 812 Philoromum.

370 853 484 923 Spectas
493 870 554 918 nos,
564 853 731 918 philomuse,
743 871 802 906 eum
812 855 950 919 lavamur3

369 936 398 984 et
408 945 492 998 quare
500 929 569 980 milri
577 936 634 981 tam
645 931 791 981 mutoniati

368 1006 425 1058 rint
432 1005 524 1057 laeve:
534 1005 622 1071 pueri,
632 1004 748 1056 subinde
759 1005 878 1072 quaeris.

367 1080 468 1133 Dicam
478 1080 641 1146 :impliciter
648 1081 701 1131 tibi
709 1081 832 1148 roganti:

368 1156 525 1224 paedicant,
535 1154 704 1218 Philomuse,
715 1156 849 1207 curiooos.

548 1264 582 1304 ut.
606 1259 638 1303 In
657 1261 800 1304 Faunum.

274 1341 378 1395 Nescio
387 1347 444 1393 tum
454 1342 548 1394 multis
559 1342 625 1410 quid
635 1341 750 1405 scribas,
759 1341 870 1406 Fauete,
880 1342 992 1409 puellis:

314 1415 368 1470 hoo
377 1418 446 1480 noio,
458 1418 532 1484 quod
543 1418 639 1469 scribit
648 1418 726 1469 nulla
734 1418 827 1484 puella
835 1418 897 1470 tibi.

548 1527 582 1567 65.
606 1522 637 1565 ln
655 1522 804 1567 lustinum.

277 1598 405 1653 Sexcenti
415 1605 533 1653 coenant
542 1615 559 1650 a
567 1605 603 1662 te,
615 1599 727 1662 luetine,
740 1600 834 1651 vocati

314 1675 385 1728 luein
397 1675 432 1728 ad
443 1675 572 1739 officium,
583 1689 653 1743 quae
662 1675 715 1727 tibi
725 1673 813 1741 prima
823 1672 887 1727 init:

275 1753 349 1803 inter
360 1765 439 1819 quos,
449 1752 569 1813 memini,
580 1767 635 1802 non
645 1751 759 1801 ultimus
768 1766 828 1802 esse
839 1750 977 1815 solebam3

315 1841 365 1877 neo
374 1826 453 1877 locus
463 1824 509 1877 hio
518 1826 599 1878 nobis
608 1826 764 1878 invidiosus
776 1831 843 1876 erat.

275 1900 393 1954 Postera
402 1901 451 1953 red
462 1901 549 1953 festae
560 1901 657 1952 reddes
668 1900 814 1952 sollemnia
823 1916 947 1953 mensae:

313 1977 450 2029 sexcentis
461 1974 553 2040 hodie,
564 1991 626 2029 eras
635 1974 704 2027 milri
714 1981 794 2027 natus
804 1976 867 2027 erin.

538 2084 572 2125 66.
596 2067 627 2124 ln
647 2081 807 2132 Veterum.
880 2116 882 2120 .

367 2158 405 2209 nt
413 2158 522 2210 delator
532 2173 570 2221 es,
582 2164 610 2209 et
620 2159 815 2210 calumniator:

368 2238 396 2285 et
404 2232 549 2285 fraudator
561 2250 599 2296 es,
610 2239 638 2285 et
646 2235 816 2302 negotiator:

367 2313 395 2360 et
404 2307 517 2360 fellator
527 2324 564 2371 ea,
578 2314 605 2359 et
614 2309 726 2359 lanista.
746 2308 844 2370 Miror,

369 2398 453 2451 quare
463 2399 518 2435 non
527 2382 640 2447 lrabeat,
653 2382 784 2445 Vacerra,
794 2398 928 2435 nummos.

547 2491 580 2532 61.
604 2487 636 2530 In
655 2489 805 2531 Maronem.

276 2566 322 2619 Nil
333 2564 404 2618 milri
415 2567 464 2618 dae
475 2567 566 2618 vivus:
582 2565 661 2628 diois,
671 2565 804 2631 postlata
815 2565 950 2616 datnmm.

314 2640 344 2695 Si
354 2657 411 2693 non
420 2656 450 2693 es
460 2641 568 2704 stultus,
579 2641 642 2704 soie,
652 2639 743 2703 Maro,
756 2639 823 2707 quid
834 2639 951 2705 cupiam.

534 2725 632 2790 ttsntl
652 2744 818 2788 Mathonem.

276 2824 589 2893 Parvarogasmagnoe:
600 2823 709 2875 sednon
716 2821 1074 2891 dauthaeoquoquemagni.

228 2931 230 2936 ·
313 2900 463 2970 Utpudeat
471 2899 558 2952 levius
567 2904 604 2964 te,
614 2896 721 2963 Matho,
730 2912 831 2970 magna
839 2912 922 2965 roga.
