2750 3450
438 378 757 427 Eriuunumnrum
782 382 851 426 ΗΒ.
873 381 918 430 Xl.
1023 380 1071 433 291

280 503 366 554 Mella
374 503 451 554 iubes
461 503 590 571 Hyblaea
598 504 650 555 tibi
659 504 703 556 vei
713 503 856 570 Hymettia
866 507 951 569 nasci,

318 584 345 628 et
353 576 449 645 thyma
458 579 607 645 Cecropiae
617 578 732 630 Corsica
745 580 824 645 ponis
839 580 901 646 apii

560 687 594 726 4³.
618 682 649 725 Iu
667 697 790 726 uxorem.

281 761 447 825 Deprensum
458 761 488 810 in
498 774 582 826 puero
593 760 699 811 tetricis
708 776 752 812 me
761 762 883 823 vocibus,
893 776 973 823 uxor,

292 840 299 851 “
319 835 444 899 corripis,
455 839 482 884 et
492 834 580 884 culum
591 840 617 884 te
628 850 738 902 quoque
747 834 846 887 habere
857 835 949 885 refers.

281 909 361 958 Dixit
369 909 441 959 idem
453 904 559 974 quoties
569 910 674 960 lascivo
686 911 753 960 luno
765 909 900 960 Tonantii

317 982 365 1033 ille
375 989 465 1032 tamen
474 984 572 1049 gracili
586 1000 645 1034 eum
657 982 816 1050 Ganymede
828 985 909 1034 iacet.

281 1057 443 1109 incurvabat
452 1057 554 1124 Hylam
566 1059 657 1123 posito
669 1057 830 1125 Tirynthius
842 1074 918 1109 arcu:

317 1138 347 1182 tu
356 1131 497 1199 Megaram
508 1133 596 1183 credis
605 1149 660 1183 nou
670 1131 799 1185 habuisse
808 1132 902 1184 natest

282 1208 442 1272 Torquebat
450 1205 589 1257 Phoebum
599 1205 715 1273 Daphne
725 1207 856 1275 fugitiva:
870 1208 992 1259 sedilias

319 1281 447 1332 Oebalius
458 1280 580 1333 flammas
590 1283 671 1332 iussit
682 1283 757 1334 abire
770 1298 845 1349 puer.

279 1357 391 1421 Bryseis
400 1356 513 1406 multum
524 1358 646 1423 quamvis
658 1346 754 1408 aversa
767 1358 879 1420 iaceret,

317 1430 453 1481 Aeacidae
463 1433 577 1497 propior
587 1432 654 1482 levis
665 1433 769 1483 auricus
778 1437 845 1483 erat.

280 1504 366 1557 Parce
375 1506 430 1555 tuis
439 1506 524 1572 igitur
533 1506 598 1557 (lare
609 1507 731 1556 mascula
741 1508 852 1556 nomina
861 1507 956 1569 rebus;

318 1587 398 1646 teque
408 1585 475 1645 puta
484 1595 597 1643 cunnos,
606 1596 686 1642 uxor,
696 1579 797 1631 habere
808 1582 885 1632 duos.

508 1671 543 1709 ss.
567 1667 607 1708 rid
626 1679 719 1708 sanem
738 1669 840 1709 orbum,

282 1746 371 1796 Orbus
382 1760 420 1806 es,
431 1750 459 1795 et
467 1744 600 1810 locuples,
611 1749 638 1794 et
646 1744 733 1795 Bruto
745 1744 856 1795 consule
866 1749 959 1794 nutus:

318 1835 376 1870 esse
385 1820 437 1869 tibi
447 1833 525 1869 veras
536 1819 624 1868 credis
634 1816 789 1869 amicitiast

281 1895 350 1946 Sunt
358 1909 452 1945 verae:
468 1894 516 1944 sed
529 1908 596 1959 quas
606 1893 722 1955 iuvenis,
734 1908 801 1959 quas
812 1907 915 1959 pauper
924 1890 1053 1942 habebas.

319 1968 373 2029 Qui
382 1985 468 2020 novus
480 1972 529 2030 est,
542 1972 656 2019 mortem
667 1968 759 2035 diligit
767 1967 815 2018 ille
826 1973 908 2017 tuam.

530 2060 565 2097 45.
589 2055 620 2096 ln
641 2055 818 2098 Cantharum.

279 2131 391 2182 Intrasti
402 2133 510 2197 quoties
518 2133 665 2198 inscriptae
675 2133 772 2183 limina
784 2131 878 2194 cellae,
923 2187 925 2192 ,

317 2222 365 2257 seu
375 2221 441 2271 puer
452 2207 552 2269 arrisit,
563 2208 620 2257 sive
630 2207 722 2274 puelia
730 2207 795 2258 tibiz

281 2286 423 2331 contentus
434 2296 488 2331 non
499 2297 527 2331 es
537 2280 652 2344 foribus,
663 2283 788 2349 veloque,
798 2295 922 2346 seraque,

317 2362 502 2421 secretumque
512 2356 589 2406 iubes
601 2357 731 2422 grandius
742 2371 801 2406 esse
811 2355 870 2405 tibi.

281 2429 426 2492 Oblinitur,
438 2431 566 2480 minimae
576 2431 600 2480 si
610 2445 664 2495 qua
674 2437 716 2481 est
725 2430 846 2495 suspicio
860 2429 954 2489 rimae,

315 2510 469 2570 punctaque
479 2504 583 2554 lasciva
595 2519 664 2570 quae
673 2505 845 2555 terebrantur
855 2518 914 2553 acu.

282 2577 366 2629 Nemo
377 2587 419 2630 est
427 2585 484 2629 tam
494 2580 590 2639 teneri,
600 2585 656 2628 tam
668 2579 835 2643 sollicitique
844 2578 967 2643 pudoris,

317 2654 364 2719 qui
373 2654 416 2704 vei
426 2654 561 2719 poenieat,
574 2652 718 2716 Canthara,
727 2653 771 2704 vel
782 2651 871 2703 futuit

549 2744 584 2783 46.
608 2740 639 2782 ln
657 2741 803 2781 Maeuium.

228 2807 230 2812 ¹
280 2818 346 2883 lam,
355 2820 410 2870 nisi
418 2834 468 2884 per
477 2833 609 2879 somnum,
620 2832 675 2868 non
685 2818 793 2884 arrigis,
804 2822 831 2865 et
840 2815 900 2877 tibi,
911 2813 1014 2876 Moeri,

315 2896 413 2962 incipit
423 2895 451 2945 in
462 2893 566 2944 medios
577 2894 676 2944 meiere
686 2908 770 2961 verpa
780 2892 879 2960 podest

829 2988 850 3031 'l
864 2987 886 3027 2
