<?xml version="1.0" encoding="UTF-8"?>
<!DOCTYPE html PUBLIC "-//W3C//DTD XHTML 1.0 Transitional//EN"
    "http://www.w3.org/TR/xhtml1/DTD/xhtml1-transitional.dtd">
<html xmlns="http://www.w3.org/1999/xhtml" xml:lang="en" lang="en">
 <head>
  <title>
</title>
<meta http-equiv="Content-Type" content="text/html;charset=utf-8" />
  <meta name='ocr-system' content='tesseract 3.04.00' />
  <meta name='ocr-capabilities' content='ocr_page ocr_carea ocr_par ocr_line ocrx_word'/>
</head>
<body>
  <div class='ocr_page' id='page_1' title='image "./mvaleriimartial03martgoog_0408.png"; bbox 0 0 2750 3450; ppageno 0'>
   <div class='ocr_carea' id='block_1_1' title="bbox 479 338 1064 390">
    <p class='ocr_par' dir='ltr' id='par_1_1' title="bbox 479 338 1064 390">
     <span class='ocr_line' id='line_1_1' title="bbox 479 338 1064 390; baseline 0.009 -5"><span class='ocrx_word' id='word_1_1' title='bbox 479 339 519 386; x_wconf 86' lang='grc' dir='ltr'>ΙΝ</span> <span class='ocrx_word' id='word_1_2' title='bbox 540 339 710 387; x_wconf 76' lang='grc' dir='ltr'>ΡΒΙΑΡΠΜ</span> <span class='ocrx_word' id='word_1_3' title='bbox 732 339 859 388; x_wconf 70' lang='lat' dir='ltr'>Lusus.</span> <span class='ocrx_word' id='word_1_4' title='bbox 1015 338 1064 390; x_wconf 82' lang='grc'>399</span> 
     </span>
    </p>
   </div>
   <div class='ocr_carea' id='block_1_2' title="bbox 272 453 989 583">
    <p class='ocr_par' dir='ltr' id='par_1_2' title="bbox 272 453 989 583">
     <span class='ocr_line' id='line_1_2' title="bbox 272 453 989 525; baseline 0.006 -19"><span class='ocrx_word' id='word_1_5' title='bbox 272 453 314 506; x_wconf 89' lang='lat' dir='ltr'>Ne</span> <span class='ocrx_word' id='word_1_6' title='bbox 325 461 416 506; x_wconf 89' lang='lat' dir='ltr'>tamen</span> <span class='ocrx_word' id='word_1_7' title='bbox 427 457 581 508; x_wconf 82' lang='lat' dir='ltr'>exanimum</span> <span class='ocrx_word' id='word_1_8' title='bbox 591 457 679 509; x_wconf 81' lang='lat' dir='ltr'>iacias</span> <span class='ocrx_word' id='word_1_9' title='bbox 690 474 772 523; x_wconf 88' lang='lat' dir='ltr'>pecus</span> <span class='ocrx_word' id='word_1_10' title='bbox 783 473 871 521; x_wconf 88' lang='lat' dir='ltr'>omne,</span> <span class='ocrx_word' id='word_1_11' title='bbox 881 456 989 525; x_wconf 81' lang='lat' dir='ltr'>Priape,</span> 
     </span>
     <span class='ocr_line' id='line_1_3' title="bbox 309 530 783 583; baseline 0 -2"><span class='ocrx_word' id='word_1_12' title='bbox 309 530 381 583; x_wconf 88' lang='lat' dir='ltr'>horti</span> <span class='ocrx_word' id='word_1_13' title='bbox 394 531 431 582; x_wconf 91' lang='lat' dir='ltr'>sit</span> <span class='ocrx_word' id='word_1_14' title='bbox 440 530 527 582; x_wconf 86' lang='lat' dir='ltr'>facias</span> <span class='ocrx_word' id='word_1_15' title='bbox 536 531 620 582; x_wconf 88' lang='lat' dir='ltr'>ianua</span> <span class='ocrx_word' id='word_1_16' title='bbox 630 533 724 583; x_wconf 85' lang='lat' dir='ltr'>clausa</span> <span class='ocrx_word' id='word_1_17' title='bbox 733 533 783 582; x_wconf 86' lang='lat' dir='ltr'>tui.</span> 
     </span>
    </p>
   </div>
   <div class='ocr_carea' id='block_1_3' title="bbox 580 635 763 689">
    <p class='ocr_par' dir='ltr' id='par_1_3' title="bbox 580 635 763 689">
     <span class='ocr_line' id='line_1_4' title="bbox 580 635 763 689; baseline -0.016 -11"><span class='ocrx_word' id='word_1_18' title='bbox 580 638 614 678; x_wconf 79' lang='grc'>66.</span> <span class='ocrx_word' id='word_1_19' title='bbox 633 635 763 689; x_wconf 79' lang='lat' dir='ltr'>Priapus.</span> 
     </span>
    </p>
   </div>
   <div class='ocr_carea' id='block_1_4' title="bbox 353 711 973 1003">
    <p class='ocr_par' dir='ltr' id='par_1_4' title="bbox 383 711 897 778">
     <span class='ocr_line' id='line_1_5' title="bbox 383 711 897 778; baseline 0.006 -18"><span class='ocrx_word' id='word_1_20' title='bbox 383 712 434 774; x_wconf 90' lang='lat' dir='ltr'>Tu,</span> <span class='ocrx_word' id='word_1_21' title='bbox 445 726 522 778; x_wconf 90' lang='lat' dir='ltr'>quae,</span> <span class='ocrx_word' id='word_1_22' title='bbox 532 727 566 761; x_wconf 93' lang='lat' dir='ltr'>ne</span> <span class='ocrx_word' id='word_1_23' title='bbox 576 711 668 762; x_wconf 89' lang='lat' dir='ltr'>videas</span> <span class='ocrx_word' id='word_1_24' title='bbox 679 717 772 763; x_wconf 87' lang='lat' dir='ltr'>notam</span> <span class='ocrx_word' id='word_1_25' title='bbox 782 712 897 775; x_wconf 88' lang='lat' dir='ltr'>virilem,</span> 
     </span>
    </p>

    <p class='ocr_par' dir='ltr' id='par_1_5' title="bbox 353 784 973 1003">
     <span class='ocr_line' id='line_1_6' title="bbox 353 784 873 853; baseline 0.002 -18"><span class='ocrx_word' id='word_1_26' title='bbox 353 803 356 813; x_wconf 91' lang='lat'>·</span> <span class='ocrx_word' id='word_1_27' title='bbox 382 784 445 836; x_wconf 89' lang='lat' dir='ltr'>hinc</span> <span class='ocrx_word' id='word_1_28' title='bbox 456 786 594 849; x_wconf 87' lang='lat' dir='ltr'>averteris,</span> <span class='ocrx_word' id='word_1_29' title='bbox 605 791 635 836; x_wconf 90' lang='lat' dir='ltr'>ut</span> <span class='ocrx_word' id='word_1_30' title='bbox 645 787 723 836; x_wconf 88' lang='lat' dir='ltr'>decet</span> <span class='ocrx_word' id='word_1_31' title='bbox 732 787 873 853; x_wconf 71' lang='lat' dir='ltr'>pudicamr</span> 
     </span>
     <span class='ocr_line' id='line_1_7' title="bbox 382 860 873 926; baseline 0.004 -16"><span class='ocrx_word' id='word_1_32' title='bbox 382 860 516 922; x_wconf 89' lang='lat' dir='ltr'>nimirum,</span> <span class='ocrx_word' id='word_1_33' title='bbox 527 860 590 922; x_wconf 89' lang='lat' dir='ltr'>nisi,</span> <span class='ocrx_word' id='word_1_34' title='bbox 601 860 674 926; x_wconf 89' lang='lat' dir='ltr'>quod</span> <span class='ocrx_word' id='word_1_35' title='bbox 683 862 764 912; x_wconf 88' lang='lat' dir='ltr'>times</span> <span class='ocrx_word' id='word_1_36' title='bbox 773 862 873 923; x_wconf 87' lang='lat' dir='ltr'>videre,</span> 
     </span>
     <span class='ocr_line' id='line_1_8' title="bbox 382 933 973 1003; baseline 0.003 -19"><span class='ocrx_word' id='word_1_37' title='bbox 382 935 456 985; x_wconf 87' lang='lat' dir='ltr'>intra</span> <span class='ocrx_word' id='word_1_38' title='bbox 466 935 573 985; x_wconf 87' lang='lat' dir='ltr'>viscera</span> <span class='ocrx_word' id='word_1_39' title='bbox 582 933 682 985; x_wconf 89' lang='lat' dir='ltr'>habere</span> <span class='ocrx_word' id='word_1_40' title='bbox 692 936 872 1003; x_wconf 81' lang='lat' dir='ltr'>concupiscis.</span> <span class='ocrx_word' id='word_1_41' title='bbox 971 948 973 951; x_wconf 82' lang='lat'>·</span> 
     </span>
    </p>
   </div>
   <div class='ocr_carea' id='block_1_5' title="bbox 374 1021 762 1091">
    <p class='ocr_par' dir='ltr' id='par_1_6' title="bbox 374 1021 762 1091">
     <span class='ocr_line' id='line_1_9' title="bbox 374 1021 762 1091; baseline 0.005 -30"><span class='ocrx_word' id='word_1_42' title='bbox 374 1060 386 1091; x_wconf 57' lang='lat'><strong>·</strong></span> <span class='ocrx_word' id='word_1_43' title='bbox 578 1023 612 1062; x_wconf 81' lang='lat' dir='ltr'>til.</span> <span class='ocrx_word' id='word_1_44' title='bbox 632 1021 762 1076; x_wconf 80' lang='lat' dir='ltr'>Priapus.</span> 
     </span>
    </p>
   </div>
   <div class='ocr_carea' id='block_1_6' title="bbox 273 1097 1028 2447">
    <p class='ocr_par' dir='ltr' id='par_1_7' title="bbox 273 1097 1028 2447">
     <span class='ocr_line' id='line_1_10' title="bbox 273 1097 931 1164; baseline 0 -16"><span class='ocrx_word' id='word_1_45' title='bbox 273 1097 432 1162; x_wconf 84' lang='lat' dir='ltr'>PEnelopcs</span> <span class='ocrx_word' id='word_1_46' title='bbox 442 1098 557 1162; x_wconf 88' lang='lat' dir='ltr'>primam</span> <span class='ocrx_word' id='word_1_47' title='bbox 566 1097 687 1148; x_wconf 87' lang='lat' dir='ltr'>Dldonis</span> <span class='ocrx_word' id='word_1_48' title='bbox 697 1097 785 1162; x_wconf 89' lang='lat' dir='ltr'>prima</span> <span class='ocrx_word' id='word_1_49' title='bbox 794 1102 931 1164; x_wconf 87' lang='lat' dir='ltr'>sequatur,</span> 
     </span>
     <span class='ocr_line' id='line_1_11' title="bbox 311 1171 869 1239; baseline 0.002 -17"><span class='ocrx_word' id='word_1_50' title='bbox 311 1177 339 1223; x_wconf 90' lang='lat' dir='ltr'>et</span> <span class='ocrx_word' id='word_1_51' title='bbox 347 1173 461 1238; x_wconf 83' lang='lat' dir='ltr'>primam</span> <span class='ocrx_word' id='word_1_52' title='bbox 472 1171 546 1222; x_wconf 69' lang='lat' dir='ltr'>cuni</span> <span class='ocrx_word' id='word_1_53' title='bbox 555 1172 664 1238; x_wconf 80' lang='lat' dir='ltr'>syllaba</span> <span class='ocrx_word' id='word_1_54' title='bbox 673 1173 761 1239; x_wconf 83' lang='lat' dir='ltr'>prima</span> <span class='ocrx_word' id='word_1_55' title='bbox 769 1171 869 1223; x_wconf 84' lang='lat' dir='ltr'>REmi:</span> 
     </span>
     <span class='ocr_line' id='line_1_12' title="bbox 274 1244 984 1313; baseline 0.001 -16"><span class='ocrx_word' id='word_1_56' title='bbox 274 1247 401 1313; x_wconf 88' lang='lat' dir='ltr'>quodque</span> <span class='ocrx_word' id='word_1_57' title='bbox 412 1246 442 1296; x_wconf 89' lang='lat' dir='ltr'>lit</span> <span class='ocrx_word' id='word_1_58' title='bbox 452 1246 561 1309; x_wconf 85' lang='lat' dir='ltr'>exiliis,</span> <span class='ocrx_word' id='word_1_59' title='bbox 571 1244 639 1296; x_wconf 89' lang='lat' dir='ltr'>mihi</span> <span class='ocrx_word' id='word_1_60' title='bbox 649 1251 688 1310; x_wconf 89' lang='lat' dir='ltr'>tu,</span> <span class='ocrx_word' id='word_1_61' title='bbox 700 1247 847 1312; x_wconf 87' lang='lat' dir='ltr'>deprensus</span> <span class='ocrx_word' id='word_1_62' title='bbox 856 1248 885 1297; x_wconf 93' lang='lat' dir='ltr'>in</span> <span class='ocrx_word' id='word_1_63' title='bbox 895 1244 984 1310; x_wconf 83' lang='lat' dir='ltr'>horto,</span> 
     </span>
     <span class='ocr_line' id='line_1_13' title="bbox 310 1318 952 1387; baseline -0.003 -15"><span class='ocrx_word' id='word_1_64' title='bbox 310 1320 362 1384; x_wconf 84' lang='lat' dir='ltr'>lut,</span> <span class='ocrx_word' id='word_1_65' title='bbox 374 1321 466 1371; x_wconf 87' lang='lat' dir='ltr'>dabis:</span> <span class='ocrx_word' id='word_1_66' title='bbox 483 1318 535 1371; x_wconf 88' lang='lat' dir='ltr'>hac</span> <span class='ocrx_word' id='word_1_67' title='bbox 545 1335 634 1386; x_wconf 85' lang='lat' dir='ltr'>poena</span> <span class='ocrx_word' id='word_1_68' title='bbox 645 1321 726 1387; x_wconf 89' lang='lat' dir='ltr'>culpa</span> <span class='ocrx_word' id='word_1_69' title='bbox 735 1321 835 1372; x_wconf 87' lang='lat' dir='ltr'>luenda</span> <span class='ocrx_word' id='word_1_70' title='bbox 845 1327 893 1372; x_wconf 90' lang='lat' dir='ltr'>tua</span> <span class='ocrx_word' id='word_1_71' title='bbox 904 1329 952 1373; x_wconf 87' lang='lat' dir='ltr'>cst.</span> 
     </span>
     <span class='ocr_line' id='line_1_14' title="bbox 577 1409 761 1463; baseline -0.011 -13"><span class='ocrx_word' id='word_1_72' title='bbox 577 1411 610 1450; x_wconf 82' lang='lat'>68.</span> <span class='ocrx_word' id='word_1_73' title='bbox 630 1409 761 1463; x_wconf 81' lang='lat' dir='ltr'>Priapus.</span> 
     </span>
     <span class='ocr_line' id='line_1_15' title="bbox 274 1476 878 1543; baseline 0.002 -16"><span class='ocrx_word' id='word_1_74' title='bbox 274 1476 399 1528; x_wconf 79' lang='lat' dir='ltr'><strong>Rusticus</strong></span> <span class='ocrx_word' id='word_1_75' title='bbox 409 1476 519 1527; x_wconf 81' lang='lat' dir='ltr'>indocte</span> <span class='ocrx_word' id='word_1_76' title='bbox 529 1477 554 1527; x_wconf 90' lang='lat' dir='ltr'>si</span> <span class='ocrx_word' id='word_1_77' title='bbox 565 1477 630 1543; x_wconf 88' lang='lat' dir='ltr'>quid</span> <span class='ocrx_word' id='word_1_78' title='bbox 641 1476 745 1527; x_wconf 81' lang='lat' dir='ltr'>dixisse</span> <span class='ocrx_word' id='word_1_79' title='bbox 754 1476 878 1540; x_wconf 85' lang='lat' dir='ltr'>videbor,</span> 
     </span>
     <span class='ocr_line' id='line_1_16' title="bbox 311 1550 900 1618; baseline -0.005 -15"><span class='ocrx_word' id='word_1_80' title='bbox 311 1551 346 1603; x_wconf 88' lang='lat' dir='ltr'>da</span> <span class='ocrx_word' id='word_1_81' title='bbox 355 1551 475 1602; x_wconf 91' lang='lat' dir='ltr'>veniam:</span> <span class='ocrx_word' id='word_1_82' title='bbox 490 1551 576 1601; x_wconf 86' lang='lat' dir='ltr'>libros</span> <span class='ocrx_word' id='word_1_83' title='bbox 588 1565 642 1601; x_wconf 88' lang='lat' dir='ltr'>nun</span> <span class='ocrx_word' id='word_1_84' title='bbox 654 1550 727 1616; x_wconf 85' lang='lat' dir='ltr'>lego,</span> <span class='ocrx_word' id='word_1_85' title='bbox 737 1565 820 1616; x_wconf 89' lang='lat' dir='ltr'>poma</span> <span class='ocrx_word' id='word_1_86' title='bbox 828 1552 900 1618; x_wconf 86' lang='lat' dir='ltr'>lego.</span> 
     </span>
     <span class='ocr_line' id='line_1_17' title="bbox 276 1624 1028 1692; baseline -0.001 -15"><span class='ocrx_word' id='word_1_87' title='bbox 276 1626 330 1677; x_wconf 81' lang='lat' dir='ltr'>Sed</span> <span class='ocrx_word' id='word_1_88' title='bbox 340 1626 416 1676; x_wconf 89' lang='lat' dir='ltr'>rudis</span> <span class='ocrx_word' id='word_1_89' title='bbox 429 1624 474 1675; x_wconf 92' lang='lat' dir='ltr'>hic</span> <span class='ocrx_word' id='word_1_90' title='bbox 483 1625 621 1675; x_wconf 77' lang='lat' dir='ltr'>donrinum</span> <span class='ocrx_word' id='word_1_91' title='bbox 631 1625 715 1677; x_wconf 88' lang='lat' dir='ltr'>toties</span> <span class='ocrx_word' id='word_1_92' title='bbox 726 1625 820 1675; x_wconf 86' lang='lat' dir='ltr'>audire</span> <span class='ocrx_word' id='word_1_93' title='bbox 830 1625 962 1692; x_wconf 85' lang='lat' dir='ltr'>legentem</span> <span class='ocrx_word' id='word_1_94' title='bbox 1023 1624 1028 1632; x_wconf 78' lang='lat'>&#39;</span> 
     </span>
     <span class='ocr_line' id='line_1_18' title="bbox 310 1698 855 1767; baseline -0.006 -16"><span class='ocrx_word' id='word_1_95' title='bbox 310 1715 402 1767; x_wconf 86' lang='lat' dir='ltr'>cogor,</span> <span class='ocrx_word' id='word_1_96' title='bbox 414 1698 593 1751; x_wconf 87' lang='lat' dir='ltr'>Homeriacas</span> <span class='ocrx_word' id='word_1_97' title='bbox 603 1699 756 1765; x_wconf 89' lang='lat' dir='ltr'>edidicique</span> <span class='ocrx_word' id='word_1_98' title='bbox 767 1704 855 1750; x_wconf 87' lang='lat' dir='ltr'>notas.</span> 
     </span>
     <span class='ocr_line' id='line_1_19' title="bbox 275 1775 983 1849; baseline 0.01 -24"><span class='ocrx_word' id='word_1_99' title='bbox 275 1775 354 1836; x_wconf 80' lang='lat' dir='ltr'>Quod</span> <span class='ocrx_word' id='word_1_100' title='bbox 364 1790 415 1825; x_wconf 90' lang='lat' dir='ltr'>nos</span> <span class='ocrx_word' id='word_1_101' title='bbox 425 1776 549 1841; x_wconf 86' lang='lat' dir='ltr'>psolecn,</span> <span class='ocrx_word' id='word_1_102' title='bbox 559 1775 607 1826; x_wconf 79' lang='lat' dir='ltr'>ssle</span> <span class='ocrx_word' id='word_1_103' title='bbox 616 1780 699 1826; x_wconf 88' lang='lat' dir='ltr'>vccat</span> <span class='ocrx_word' id='word_1_104' title='bbox 708 1779 837 1840; x_wconf 75' lang='grc' dir='ltr'><strong><em>ψολόεντα</em></strong></span> <span class='ocrx_word' id='word_1_105' title='bbox 847 1780 983 1849; x_wconf 63' lang='lat' dir='ltr'>separeris:</span> 
     </span>
     <span class='ocr_line' id='line_1_20' title="bbox 310 1849 869 1915; baseline 0 -15"><span class='ocrx_word' id='word_1_106' title='bbox 310 1850 339 1900; x_wconf 87' lang='lat' dir='ltr'>id</span> <span class='ocrx_word' id='word_1_107' title='bbox 350 1849 423 1915; x_wconf 87' lang='lat' dir='ltr'>quod</span> <span class='ocrx_word' id='word_1_108' title='bbox 433 1865 484 1899; x_wconf 87' lang='lat' dir='ltr'>nos</span> <span class='ocrx_word' id='word_1_109' title='bbox 495 1849 594 1911; x_wconf 92' lang='lat' dir='ltr'>culum,</span> <span class='ocrx_word' id='word_1_110' title='bbox 606 1852 713 1904; x_wconf 71' lang='grc' dir='ltr'><strong><em>κουλεὸν</em></strong></span> <span class='ocrx_word' id='word_1_111' title='bbox 721 1850 769 1900; x_wconf 91' lang='lat' dir='ltr'>ille</span> <span class='ocrx_word' id='word_1_112' title='bbox 779 1855 869 1901; x_wconf 88' lang='lat' dir='ltr'>vocat.</span> 
     </span>
     <span class='ocr_line' id='line_1_21' title="bbox 273 1923 962 1997; baseline -0.001 -19"><span class='ocrx_word' id='word_1_113' title='bbox 273 1930 438 1997; x_wconf 73' lang='grc' dir='ltr'><strong><em>Σμερδαλέον</em></strong></span> <span class='ocrx_word' id='word_1_114' title='bbox 449 1929 529 1985; x_wconf 88' lang='lat' dir='ltr'>certe,</span> <span class='ocrx_word' id='word_1_115' title='bbox 540 1923 594 1974; x_wconf 86' lang='lat' dir='ltr'>nisi</span> <span class='ocrx_word' id='word_1_116' title='bbox 603 1938 646 1974; x_wconf 91' lang='lat' dir='ltr'>res</span> <span class='ocrx_word' id='word_1_117' title='bbox 656 1939 712 1975; x_wconf 88' lang='lat' dir='ltr'>nun</span> <span class='ocrx_word' id='word_1_118' title='bbox 721 1925 830 1987; x_wconf 89' lang='lat' dir='ltr'>munda,</span> <span class='ocrx_word' id='word_1_119' title='bbox 840 1931 962 1989; x_wconf 86' lang='lat' dir='ltr'>vocatur,</span> 
     </span>
     <span class='ocr_line' id='line_1_22' title="bbox 312 1998 882 2066; baseline -0.002 -15"><span class='ocrx_word' id='word_1_120' title='bbox 312 2004 339 2051; x_wconf 90' lang='lat' dir='ltr'>et</span> <span class='ocrx_word' id='word_1_121' title='bbox 348 2000 530 2066; x_wconf 88' lang='lat' dir='ltr'>paediconum</span> <span class='ocrx_word' id='word_1_122' title='bbox 541 1998 661 2049; x_wconf 83' lang='lat' dir='ltr'>mentula</span> <span class='ocrx_word' id='word_1_123' title='bbox 671 2000 823 2051; x_wconf 82' lang='lat' dir='ltr'>smerdalea</span> <span class='ocrx_word' id='word_1_124' title='bbox 833 2005 882 2050; x_wconf 83' lang='lat' dir='ltr'>est.</span> 
     </span>
     <span class='ocr_line' id='line_1_23' title="bbox 525 2086 763 2142; baseline 0.008 -15"><span class='ocrx_word' id='word_1_125' title='bbox 525 2092 528 2100; x_wconf 88' lang='grc'>·</span> <span class='ocrx_word' id='word_1_126' title='bbox 577 2088 611 2128; x_wconf 72' lang='grc'>60.</span> <span class='ocrx_word' id='word_1_127' title='bbox 632 2086 763 2142; x_wconf 83' lang='lat' dir='ltr'>Priapus.</span> 
     </span>
     <span class='ocr_line' id='line_1_24' title="bbox 276 2153 957 2221; baseline 0.003 -16"><span class='ocrx_word' id='word_1_128' title='bbox 276 2153 364 2216; x_wconf 76' lang='lat' dir='ltr'>Quidl</span> <span class='ocrx_word' id='word_1_129' title='bbox 383 2155 438 2206; x_wconf 89' lang='lat' dir='ltr'>nisi</span> <span class='ocrx_word' id='word_1_130' title='bbox 448 2155 586 2207; x_wconf 87' lang='lat' dir='ltr'>Taenario</span> <span class='ocrx_word' id='word_1_131' title='bbox 598 2155 748 2221; x_wconf 82' lang='lat' dir='ltr'>placuisset</span> <span class='ocrx_word' id='word_1_132' title='bbox 757 2156 861 2207; x_wconf 87' lang='lat' dir='ltr'>Troica</span> <span class='ocrx_word' id='word_1_133' title='bbox 870 2171 957 2207; x_wconf 91' lang='lat' dir='ltr'>cunnc</span> 
     </span>
     <span class='ocr_line' id='line_1_25' title="bbox 309 2229 962 2296; baseline 0.002 -17"><span class='ocrx_word' id='word_1_134' title='bbox 309 2230 444 2291; x_wconf 80' lang='lat' dir='ltr'>mentula3</span> <span class='ocrx_word' id='word_1_135' title='bbox 459 2229 533 2296; x_wconf 88' lang='lat' dir='ltr'>quod</span> <span class='ocrx_word' id='word_1_136' title='bbox 543 2235 659 2293; x_wconf 81' lang='lat' dir='ltr'>caneret,</span> <span class='ocrx_word' id='word_1_137' title='bbox 669 2247 724 2284; x_wconf 88' lang='lat' dir='ltr'>non</span> <span class='ocrx_word' id='word_1_138' title='bbox 735 2229 875 2281; x_wconf 78' lang='lat' dir='ltr'>habuisset</span> <span class='ocrx_word' id='word_1_139' title='bbox 885 2246 962 2296; x_wconf 83' lang='lat' dir='ltr'>opus.</span> 
     </span>
     <span class='ocr_line' id='line_1_26' title="bbox 273 2303 945 2358; baseline 0.001 -4"><span class='ocrx_word' id='word_1_140' title='bbox 273 2304 396 2355; x_wconf 85' lang='lat' dir='ltr'>Mentula</span> <span class='ocrx_word' id='word_1_141' title='bbox 410 2304 575 2355; x_wconf 80' lang='lat' dir='ltr'>&#39;l&#39;antalidae</span> <span class='ocrx_word' id='word_1_142' title='bbox 585 2306 652 2356; x_wconf 89' lang='lat' dir='ltr'>bene</span> <span class='ocrx_word' id='word_1_143' title='bbox 663 2306 687 2356; x_wconf 86' lang='lat' dir='ltr'>si</span> <span class='ocrx_word' id='word_1_144' title='bbox 697 2322 752 2358; x_wconf 88' lang='lat' dir='ltr'>non</span> <span class='ocrx_word' id='word_1_145' title='bbox 762 2312 827 2355; x_wconf 90' lang='lat' dir='ltr'>nata</span> <span class='ocrx_word' id='word_1_146' title='bbox 835 2303 945 2355; x_wconf 78' lang='lat' dir='ltr'>luisset:</span> 
     </span>
     <span class='ocr_line' id='line_1_27' title="bbox 308 2377 923 2447; baseline -0.003 -18"><span class='ocrx_word' id='word_1_147' title='bbox 308 2379 356 2441; x_wconf 90' lang='lat' dir='ltr'>nil,</span> <span class='ocrx_word' id='word_1_148' title='bbox 369 2379 461 2429; x_wconf 89' lang='lat' dir='ltr'>senior</span> <span class='ocrx_word' id='word_1_149' title='bbox 471 2377 588 2445; x_wconf 82' lang='lat' dir='ltr'>Chryses</span> <span class='ocrx_word' id='word_1_150' title='bbox 599 2380 672 2446; x_wconf 74' lang='lat' dir='ltr'>quod</span> <span class='ocrx_word' id='word_1_151' title='bbox 683 2385 846 2447; x_wconf 87' lang='lat' dir='ltr'>quereretur,</span> <span class='ocrx_word' id='word_1_152' title='bbox 857 2385 923 2430; x_wconf 88' lang='lat' dir='ltr'>erat.</span> 
     </span>
    </p>
   </div>
   <div class='ocr_carea' id='block_1_7' title="bbox 271 2452 926 2896">
    <p class='ocr_par' dir='ltr' id='par_1_8' title="bbox 272 2452 925 2595">
     <span class='ocr_line' id='line_1_28' title="bbox 272 2452 925 2521; baseline 0 -18"><span class='ocrx_word' id='word_1_153' title='bbox 272 2452 350 2503; x_wconf 87' lang='lat' dir='ltr'>Haec</span> <span class='ocrx_word' id='word_1_154' title='bbox 359 2454 455 2504; x_wconf 84' lang='lat' dir='ltr'>eadem</span> <span class='ocrx_word' id='word_1_155' title='bbox 464 2455 568 2505; x_wconf 89' lang='lat' dir='ltr'>socium</span> <span class='ocrx_word' id='word_1_156' title='bbox 578 2462 672 2505; x_wconf 89' lang='lat' dir='ltr'>tenera</span> <span class='ocrx_word' id='word_1_157' title='bbox 683 2453 814 2521; x_wconf 87' lang='lat' dir='ltr'>spoliavit</span> <span class='ocrx_word' id='word_1_158' title='bbox 824 2454 925 2504; x_wconf 73' lang='lat' dir='ltr'>amicat</span> 
     </span>
     <span class='ocr_line' id='line_1_29' title="bbox 310 2530 925 2595; baseline 0 -18"><span class='ocrx_word' id='word_1_159' title='bbox 310 2542 433 2595; x_wconf 89' lang='lat' dir='ltr'>quaeque</span> <span class='ocrx_word' id='word_1_160' title='bbox 443 2533 501 2578; x_wconf 88' lang='lat' dir='ltr'>crat</span> <span class='ocrx_word' id='word_1_161' title='bbox 510 2530 654 2592; x_wconf 73' lang='lat' dir='ltr'>Aeacidae,</span> <span class='ocrx_word' id='word_1_162' title='bbox 665 2531 762 2580; x_wconf 91' lang='lat' dir='ltr'>maluit</span> <span class='ocrx_word' id='word_1_163' title='bbox 771 2544 829 2579; x_wconf 89' lang='lat' dir='ltr'>esse</span> <span class='ocrx_word' id='word_1_164' title='bbox 839 2543 925 2578; x_wconf 89' lang='lat' dir='ltr'>suam.</span> 
     </span>
    </p>

    <p class='ocr_par' dir='ltr' id='par_1_9' title="bbox 273 2601 926 2744">
     <span class='ocr_line' id='line_1_30' title="bbox 273 2601 926 2655; baseline 0.002 -3"><span class='ocrx_word' id='word_1_165' title='bbox 273 2601 322 2653; x_wconf 90' lang='lat' dir='ltr'>llle</span> <span class='ocrx_word' id='word_1_166' title='bbox 333 2601 534 2654; x_wconf 85' lang='lat' dir='ltr'>Pelethroniam</span> <span class='ocrx_word' id='word_1_167' title='bbox 544 2604 643 2655; x_wconf 87' lang='lat' dir='ltr'>cecinit</span> <span class='ocrx_word' id='word_1_168' title='bbox 652 2603 807 2655; x_wconf 89' lang='lat' dir='ltr'>miserabile</span> <span class='ocrx_word' id='word_1_169' title='bbox 818 2617 926 2654; x_wconf 90' lang='lat' dir='ltr'>carmen</span> 
     </span>
     <span class='ocr_line' id='line_1_31' title="bbox 309 2675 858 2744; baseline -0.004 -17"><span class='ocrx_word' id='word_1_170' title='bbox 309 2677 344 2728; x_wconf 90' lang='lat' dir='ltr'>ad</span> <span class='ocrx_word' id='word_1_171' title='bbox 355 2675 498 2741; x_wconf 78' lang='lat' dir='ltr'>citharam,</span> <span class='ocrx_word' id='word_1_172' title='bbox 507 2676 611 2730; x_wconf 86' lang='lat' dir='ltr'>cithara</span> <span class='ocrx_word' id='word_1_173' title='bbox 619 2680 724 2730; x_wconf 88' lang='lat' dir='ltr'>tensior</span> <span class='ocrx_word' id='word_1_174' title='bbox 731 2680 790 2744; x_wconf 91' lang='lat' dir='ltr'>ipse</span> <span class='ocrx_word' id='word_1_175' title='bbox 800 2691 858 2727; x_wconf 87' lang='lat' dir='ltr'>sua.</span> 
     </span>
    </p>

    <p class='ocr_par' dir='ltr' id='par_1_10' title="bbox 271 2751 883 2896">
     <span class='ocr_line' id='line_1_32' title="bbox 271 2751 883 2819; baseline -0.007 -14"><span class='ocrx_word' id='word_1_176' title='bbox 271 2752 298 2805; x_wconf 89' lang='lat' dir='ltr'>N</span> <span class='ocrx_word' id='word_1_177' title='bbox 300 2752 381 2804; x_wconf 81' lang='lat' dir='ltr'>ubilis</span> <span class='ocrx_word' id='word_1_178' title='bbox 391 2751 455 2803; x_wconf 92' lang='lat' dir='ltr'>hinc</span> <span class='ocrx_word' id='word_1_179' title='bbox 464 2759 530 2804; x_wconf 91' lang='lat' dir='ltr'>nata</span> <span class='ocrx_word' id='word_1_180' title='bbox 540 2768 635 2819; x_wconf 83' lang='lat' dir='ltr'>nempe</span> <span class='ocrx_word' id='word_1_181' title='bbox 644 2754 743 2819; x_wconf 91' lang='lat' dir='ltr'>incipit</span> <span class='ocrx_word' id='word_1_182' title='bbox 752 2753 817 2803; x_wconf 91' lang='lat' dir='ltr'>llias</span> <span class='ocrx_word' id='word_1_183' title='bbox 825 2753 883 2802; x_wconf 58' lang='lat' dir='ltr'>irai</span> 
     </span>
     <span class='ocr_line' id='line_1_33' title="bbox 308 2826 820 2896; baseline -0.01 -15"><span class='ocrx_word' id='word_1_184' title='bbox 308 2828 470 2896; x_wconf 88' lang='lat' dir='ltr'>principium</span> <span class='ocrx_word' id='word_1_185' title='bbox 479 2829 552 2880; x_wconf 84' lang='lat' dir='ltr'>sacri</span> <span class='ocrx_word' id='word_1_186' title='bbox 562 2828 690 2879; x_wconf 88' lang='lat' dir='ltr'>carminis</span> <span class='ocrx_word' id='word_1_187' title='bbox 699 2829 750 2879; x_wconf 89' lang='lat' dir='ltr'>illa</span> <span class='ocrx_word' id='word_1_188' title='bbox 758 2826 820 2878; x_wconf 80' lang='lat' dir='ltr'>luit.</span> 
     </span>
    </p>
   </div>
   <div class='ocr_carea' id='block_1_8' title="bbox 0 0 1380 3450">
    <p class='ocr_par' dir='ltr' id='par_1_11' title="bbox 0 0 1380 3450">
     <span class='ocr_line' id='line_1_34' title="bbox 0 0 1380 3450; baseline 0 0"><span class='ocrx_word' id='word_1_189' title='bbox 0 0 1380 3450; x_wconf 95' lang='lat' dir='ltr'> </span> 
     </span>
    </p>
   </div>
  </div>
 </body>
</html>
