2750 3450
366 337 415 385 11⁰
654 338 868 385 maurianis
894 336 897 341 ’

366 468 392 510 te
402 461 506 527 patrios
517 461 629 511 miseere
640 462 717 512 iuvat
728 478 787 512 eum
798 448 913 528 coniug'e
925 478 1030 519 oeneus
1044 435 1052 455 ι

402 535 562 601 gaudentem
573 536 650 586 socio
661 538 843 602 participique
853 538 922 587 viru.

365 610 468 659 Arserit
477 609 587 660 Evadne
597 609 712 661 flammis
720 612 822 660 iniecta
832 612 932 674 mariti,

401 699 451 734 nee
460 685 550 735 minor
558 684 691 736 Alcestem
702 685 776 737 fama
786 685 835 737 sub
846 692 921 735 astra
929 683 1012 745 ferat.

365 759 408 808 Tu
418 757 527 809 melius:
544 765 617 811 certo
627 760 750 810 meruisti
762 761 875 826 pignore
884 760 968 822 vitae,

401 839 432 882 ut
440 833 492 884 tibi
502 849 557 885 non
568 838 639 884 esset
647 840 735 886 morte
744 833 901 900 probandus
912 849 1001 889 amor.

576 957 610 997 tt.
633 954 665 996 ln
683 967 795 997 ararum
814 956 935 996 amicum.

363 1028 455 1079 Miltia
464 1030 564 1081 misisti
573 1028 641 1080 mihi
651 1045 707 1093 sex,
718 1031 762 1081 bis
772 1047 838 1082 seua
845 1031 963 1096 petentia

400 1109 430 1154 ut
439 1104 482 1155 bis
492 1120 557 1155 sena
567 1104 660 1168 feram,
669 1105 714 1156 bis
724 1105 849 1157 duodena
862 1110 962 1172 petam.
1042 1178 1048 1184 .
1100 1099 1109 1121 ⁸

574 1219 609 1259 Π.
631 1216 662 1257 In
681 1214 788 1257 Zoilum
809 1216 939 1258 invidum.

471 1291 614 1358 Nunquam
625 1293 736 1342 divitias
747 1292 813 1343 deos
822 1293 928 1360 rogavi,

473 1372 613 1418 contentus
622 1367 748 1428 modicis,
758 1382 872 1434 meoque
881 1367 980 1417 laetus.

471 1440 631 1507 Paupertas,
641 1442 748 1491 veniam
759 1442 846 1505 dabis,
857 1441 962 1492 recede.

403 1548 409 1564 .
472 1515 562 1566 Causa
572 1523 614 1567 est
623 1531 692 1582 quae
703 1516 786 1567 subiti
796 1517 913 1582 novique
922 1515 998 1568 voti!

471 1590 633 1642 Pendentem
644 1591 709 1642 volo
719 1589 825 1642 Zoilum
834 1591 935 1641 videre.

644 1700 677 1739 ¹18.
700 1695 730 1737 ln
749 1694 856 1739 varum.

361 1774 402 1824 Ad
414 1788 525 1824 coenam
536 1789 620 1840 nuper
629 1772 718 1824 Varus
728 1788 771 1823 me
784 1772 856 1822 forte
865 1773 990 1835 vocavit3

400 1853 511 1899 ornatus
523 1848 606 1909 dives,
618 1847 732 1913 parvula
743 1861 828 1897 coena
837 1845 897 1897 fuit.

317 1949 321 1954 ·
362 1924 444 1985 Auro,
454 1939 509 1973 nun
520 1923 635 1989 dapibus
647 1928 775 1973 oneratur
784 1936 889 1971 mensa:
907 1921 1027 1973 ministri

400 2003 540 2063 apponunt
550 1997 636 2047 oeulis
647 1996 773 2061 plurima,
785 2010 872 2062 pauca
880 1995 970 2062 gulae.

362 2072 439 2123 Tune
448 2087 514 2139 ego:
533 2070 596 2122 Nou
608 2070 712 2133 nuilus,
723 2071 770 2121 sed
780 2074 899 2121 ventrem
909 2083 1023 2136 pascere
1033 2074 1111 2124 veui:

399 2153 446 2196 aut
456 2161 562 2212 appone
572 2145 665 2212 dapes,
676 2143 758 2208 Vare,
768 2144 811 2195 vel
821 2142 898 2194 aufer
908 2158 984 2208 opes.
1054 2200 1058 2208 Ι

647 2252 681 2292 19.
705 2247 735 2291 ln
756 2248 859 2290 Afrum.

363 2324 480 2375 Condita
490 2338 549 2374 eum
559 2325 611 2375 tibi
622 2326 658 2375 sit
666 2326 722 2375 iam
733 2324 904 2390 sexagesima
913 2325 1021 2386 messis,

398 2404 426 2447 et
435 2398 520 2449 facies
530 2400 615 2450 multo
626 2399 768 2465 splendeat
781 2398 844 2448 alba
853 2398 924 2465 pilo;

362 2473 490 2523 discurris
500 2478 561 2523 tuta
570 2489 654 2540 vagus
664 2474 739 2535 urbe,
749 2488 799 2523 nee
808 2473 866 2524 ulla
876 2471 1007 2524 cathedra
1017 2481 1072 2538 est,

399 2547 443 2596 eui
454 2562 509 2596 nou
519 2563 597 2597 mane
607 2548 679 2609 feras
691 2548 864 2613 irrequietus,
875 2562 932 2597 ave.

361 2620 397 2670 Et
407 2620 501 2671 sinete
512 2622 579 2672 nulli
589 2621 631 2673 fas
642 2630 683 2673 est
692 2622 803 2688 prodire
812 2622 933 2684 tribuno,

398 2710 448 2744 nee
458 2701 533 2745 caret
544 2697 633 2747 officio
645 2695 740 2747 consul
749 2702 862 2763 uterque
871 2702 934 2758 tuu;

356 2776 387 2817 et
392 2784 474 2820 sacro
486 2770 576 2823 denies
586 2771 688 2839 repetis
698 2770 816 2838 pellatia
824 2772 908 2833 atium

380 2841 568 2917 &genasque
578 2865 683 2916 merus,
696 2846 921 2913 Partheniusque
929 2857 1027 2895 sunu.

261 3003 455 3103 !-
523 3053 527 3062 .
