2750 3450
598 358 815 406 nurum

570 482 607 522 2⁴.
629 479 669 521 n
687 477 845 522 bul-llus.

383 556 455 606 llum
464 562 493 607 te
502 572 664 623 prosequor,
673 565 701 607 et
710 555 820 606 domun
830 554 942 617 ndueo,

384 646 475 682 aurem
486 631 550 682 dum
559 632 612 682 tibi
622 638 734 698 praesto
742 629 883 696 garrienti,

383 711 412 756 et
420 705 553 772 quidquid
563 706 686 772 loqueris
695 705 827 770 facieque,
838 703 933 765 laudo,

384 786 453 847 quot
460 795 555 831 versun
565 787 702 847 poterant,
712 779 838 840 Labulle,
847 777 942 828 nasci?

383 855 446 907 Hoc
456 855 582 907 damnum
592 855 644 906 tibi
654 871 708 906 non
719 854 827 904 videtur
836 869 905 914 eene,

384 931 418 993 ni,
429 931 503 997 quod
513 928 602 980 Roma
611 929 688 997 legit,
697 929 813 995 requirit
822 925 932 993 borpes,

383 1019 438 1056 non
448 1005 555 1055 deridet
564 1019 656 1071 eques,
665 1010 740 1054 tenet
749 1008 869 1064 senator,

382 1077 480 1129 laudnt
488 1077 652 1141 erunidleun,
662 1084 746 1145 poeta
755 1077 852 1142 carpit,

383 1158 531 1220 propterte
540 1150 627 1218 periti
646 1152 717 1215 Hoc,
728 1150 854 1214 Labulle,
863 1165 957 1202 verum
967 1150 1025 1202 enti

382 1226 447 1278 Hoc
456 1229 599 1294 quisquam
612 1225 693 1290 ierat,
703 1232 734 1277 ut
742 1226 793 1276 tibi
803 1232 912 1276 tuorum

383 1303 421 1354 nit
429 1302 520 1353 maior
528 1315 654 1351 uumemr
664 1300 860 1368 togatulorum‚

382 1376 515 1427 librorum
525 1373 593 1425 mlld
603 1376 640 1426 nit
649 1377 740 1426 minor
749 1372 886 1426 meorum!

383 1451 510 1518 Triginta
520 1465 606 1516 prope
614 1451 669 1500 iam
682 1450 778 1501 diebus
790 1464 845 1500 une
854 1456 896 1498 est

382 1525 463 1577 nobie
473 1525 574 1592 pagina
583 1525 630 1575 vix
640 1532 765 1592 peraeta:
779 1525 820 1575 nic
830 1522 869 1586 lit,

383 1615 443 1651 eum
454 1614 570 1651 coenare
580 1598 655 1651 domi
665 1606 749 1667 poeta
758 1615 813 1651 nou
822 1598 889 1648 vult

597 1709 631 1749 25.
655 1704 686 1747 ln
706 1705 812 1748 Linum.

308 1800 362 1852 1113
370 1799 449 1851 salax
458 1800 580 1862 nimium,
589 1815 640 1851 nee
650 1800 745 1867 paneis
755 1805 822 1850 notu
832 1797 941 1864 puellis,

346 1880 419 1927 stare
429 1874 501 1927 Lino
512 1875 585 1927 desit
593 1875 727 1925 mentula:
742 1875 844 1940 lingua,
855 1887 930 1923 cave.

473 1982 507 2023 te.
531 1979 571 2021 Ad
590 1977 798 2034 Telerpbornm
818 1989 939 2032 puerum.

311 2072 410 2124 0mibi
420 2079 500 2140 grute
510 2073 596 2139 quies,
607 2072 745 2135 oblenda,
759 2068 935 2137 Telesphore,
948 2088 1024 2135 erun,

348 2148 437 2215 qualis
446 2149 475 2198 iu
486 2147 613 2214 amplexu
621 2163 676 2199 uon
686 2146 740 2197 fuit
749 2152 811 2197 ante
822 2160 897 2206 meo;

309 2222 389 2273 barin
399 2222 435 2274 dn
444 2222 524 2274 nobis
533 2222 635 2285 vetulo,
645 2237 720 2288 puer,
730 2222 785 2272 nde
794 2221 922 2276 Falerno.

347 2298 447 2364 poeula
457 2297 588 2348 delubris
598 2296 673 2348 laeta
681 2298 790 2348 minore
798 2298 862 2347 tuis.

309 2371 455 2423 Addideris
465 2386 546 2437 nuper
556 2370 625 2423 haee
634 2370 748 2422 Veneris
758 2372 783 2421 ni
792 2371 894 2438 gaudia
903 2384 981 2420 vera:

347 2462 407 2498 esse
417 2462 511 2515 negem
522 2447 619 2497 melius
630 2459 690 2497 eum
702 2444 861 2512 Ganymede
871 2444 939 2495 lovi.

574 2554 609 2593 2'l·
634 2551 674 2593 Ad
695 2550 834 2593 Flaccum.

310 2644 426 2695 Ferreus
437 2660 475 2706 ee,
486 2646 510 2695 ei
520 2651 593 2696 sture
605 2650 696 2711 potent
705 2646 756 2697 tibi
768 2645 895 2707 mentula,
904 2644 1014 2707 Flacco,

348 2733 408 2769 enm
418 2724 445 2769 te
455 2734 504 2769 sex
517 2718 632 2786 cyathos
643 2725 705 2771 orat
715 2722 804 2770 amice
812 2720 886 2787 geri3

311 2793 352 2843 vel
364 2793 418 2843 duo
429 2792 517 2844 inusta
526 2800 607 2861 rogat
617 2794 702 2860 cybii,
710 2800 852 2846 tenuemve
861 2795 1002 2857 lacertum,

349 2882 398 2919 nee
408 2866 518 2935 diguam
527 2873 587 2922 toto
598 2877 625 2919 te
634 2869 772 2935 botryone
782 2875 872 2936 putet:
