2750 3450
330 366 379 414 llo
618 369 834 416 MARTlALIS

391 492 423 528 lo.
448 487 527 528 Petit
545 485 672 530 latenter
691 501 704 530 a
723 489 888 531 Domitiano
909 491 1071 544 peerrniu.
1153 540 1155 545 ยน

329 580 421 630 Pauca
433 580 522 630 lovem
534 597 618 646 nuper
629 598 687 631 cum
700 583 787 631 millia
797 580 869 631 sorte
879 596 1029 648 rogarem:

365 656 413 704 ille
424 656 508 717 dabit,
522 656 599 717 dixit,
611 658 656 721 qui
667 655 733 706 ruihi
745 656 846 721 templa
857 655 944 706 dedit.

331 730 445 794 Templa
457 731 564 794 quidem
576 731 652 779 dedit
660 731 707 780 ille
719 731 791 780 lovi:
807 730 856 779 sed
867 730 959 780 millia
970 731 1055 783 nobis

367 805 442 852 nulla
455 805 543 853 dedit:
561 805 661 870 pudeat
672 820 761 870 pauca
775 818 888 870 rogasse
898 804 1005 855 lovem.

329 879 363 927 At
373 894 453 943 quarn
464 896 518 928 non
527 880 648 941 tetricus,
661 894 740 944 quam
751 879 826 927 nulla
835 878 947 928 nubilus
957 879 1015 943 ira,

359 969 446 1018 ,quam
459 954 568 1018 placido
580 960 688 1003 nostras
699 954 802 1020 legerat
812 967 859 1002 ore
870 951 981 1017 preces!

330 1028 406 1077 'l'alis
418 1028 585 1093 supplicibus
596 1029 692 1078 tribuit
702 1028 858 1078 diademata
868 1026 972 1079 Dacis:

367 1112 394 1151 et
404 1103 574 1167 Capitolinas
585 1103 660 1167 itque
672 1103 797 1162 reditque
805 1103 873 1152 vias.

329 1177 381 1226 Die
392 1193 496 1242 precor,
509 1192 524 1226 o
536 1177 623 1225 uestri
633 1177 678 1226 die
689 1180 799 1227 conscia
809 1179 885 1242 virgo
900 1179 1042 1230 tonantis:

367 1254 389 1302 si
401 1257 482 1317 negat
492 1249 545 1300 hoc
556 1252 639 1313 vultu,
651 1267 704 1317 quo
716 1252 788 1301 solet
797 1266 862 1316 ergo
874 1249 959 1301 darei

329 1326 375 1377 Sic
386 1341 449 1391 ego:
465 1327 505 1375 sic
514 1326 632 1375 breviter
641 1327 733 1391 posita
744 1324 810 1376 mihi
821 1323 951 1392 Gorgone
963 1325 1072 1379 Pallas=

366 1400 564 1466 quaesendum
576 1401 640 1449 data
650 1406 720 1462 sunt,
731 1401 820 1464 stulte,
834 1406 935 1468 negata
944 1401 1045 1469 putasl

606 1537 638 1574 11.
662 1531 693 1573 ln
713 1533 838 1574 Marcum.

330 1626 410 1687 Quod
421 1641 475 1676 non
486 1628 523 1676 sit
532 1626 652 1693 Pylades
662 1625 716 1677 hoc
724 1633 855 1691 tempore,
869 1627 976 1678 nonsit
987 1627 1104 1711 Orestes,

365 1700 489 1752 mirarisl
508 1702 635 1769 Pylades,
646 1700 748 1764 Marce,
759 1701 871 1751 bibebat
880 1701 969 1764 idem3

329 1793 377 1827 nee
388 1778 485 1828 melior
495 1780 573 1843 panis
584 1779 712 1828 turdusve
726 1778 842 1827 dabatur
851 1775 959 1827 Orestit

365 1853 412 1902 sed
423 1860 564 1919 paratque
575 1854 668 1903 eadem
680 1867 766 1902 coena
776 1851 882 1902 duobus
892 1857 961 1902 erat.

330 1927 371 1976 Tu
383 1927 502 1977 Lucrina
512 1943 605 1978 voras:
621 1943 662 1977 me
675 1928 763 1993 pascit
773 1941 878 1992 aquosa
888 1924 1014 1978 Peioris:

365 2019 419 2052 nou
431 2003 518 2051 niiuus
528 2003 645 2068 ingenua
656 2008 698 2051 est
707 2006 734 2051 et
743 1999 818 2062 mihi,
828 2000 931 2063 Marce,
944 2003 1022 2068 gula.

329 2076 368 2126 Te
380 2076 499 2126 Cadmea
510 2076 609 2140 Tyros,
621 2092 663 2126 me
673 2076 781 2142 pinguis
793 2074 885 2125 Gallia
895 2077 994 2126 vestitz

365 2152 406 2200 vis
416 2157 442 2200 te
453 2165 624 2215 purpureum,
635 2151 737 2209 Marce,
752 2158 862 2215 sagatus
874 2149 980 2200 amem!

328 2225 364 2275 Ut
374 2232 507 2290 praestem
520 2224 650 2290 Pyladen,
666 2226 765 2291 aliquis
779 2222 846 2274 mihi
857 2229 979 2289 praestet
990 2226 1120 2279 Orestem.

365 2299 428 2350 Hoc
437 2316 492 2350 non
502 2299 533 2349 lit
542 2300 641 2363 verbis,
652 2300 758 2351 Marce:
772 2306 803 2349 ut
813 2299 922 2362 ameris,
933 2313 1006 2351 ama.

601 2425 634 2463 12.
658 2421 698 2462 De
716 2418 844 2461 Fabulla.

400 2514 475 2565 lurat
486 2515 601 2581 capillos
612 2531 680 2578 esse,
692 2529 760 2581 quos
772 2514 845 2577 emit,
856 2529 921 2565 suos

400 2589 530 2640 Fabulla:
544 2591 683 2657 numquid,
695 2589 799 2651 Paulle,
810 2587 932 2655 peierati
951 2587 1041 2658 Nego.

556 2716 588 2754 13.
613 2713 653 2754 De
672 2717 768 2753 statua
786 2709 887 2752 Iuliae.

330 2802 397 2863 Quis
407 2810 434 2852 te
445 2802 578 2855 Phidiaco
589 2804 744 2867 formatam,
756 2804 834 2866 Iulia,
846 2804 933 2866 caelo,

365 2877 406 2928 vel
420 2879 479 2946 quis
489 2878 632 2930 Palladiae
642 2896 696 2932 non
708 2884 784 2948 putet
794 2879 861 2928 artis
872 2876 958 2944 opusi
