2750 3450
308 372 359 423 als
596 352 811 419 narrastis

308 499 363 548 ianr
375 510 459 548 cunae
468 494 575 547 lenonis
585 501 671 559 erut,
679 500 712 545 ut
726 495 760 546 ab
770 495 853 545 ubere
863 499 958 561 raptio

346 571 459 622 sordida
468 570 562 637 vagitu
572 575 698 637 posceret
708 584 772 620 aero
781 584 856 636 puer.

308 643 456 696 lnrmatura
465 644 569 696 dabant
577 643 705 696 infandas
714 659 833 711 corpora
842 658 956 710 poenas.

346 719 408 772 Non
418 720 482 771 tulit
490 720 626 771 Armenios
636 719 707 770 talia
717 724 840 770 monstro
849 722 937 784 pater,

309 794 381 846 idem
394 795 439 861 qui
449 795 549 845 teneris
558 809 645 860 nuper
653 792 788 844 succtnrit
796 790 918 859 ephebis,

346 885 380 920 ne
390 868 493 921 iaceret
502 869 608 920 steriles
618 882 702 920 saeva
711 867 798 918 libido
812 867 896 919 viros.

309 943 437 996 Dilexere
447 943 522 1010 prins
531 943 617 1010 pueri,
630 942 804 1008 iuvenesque,
814 956 960 1007 senesque:

347 1025 376 1070 at
385 1034 457 1070 nunc
465 1017 584 1068 infantes
591 1023 621 1069 te
628 1030 748 1084 quoqne,
759 1015 869 1080 Caesar,
880 1021 983 1067 amant.

458 1142 469 1161 a
507 1124 510 1133 '
551 1125 585 1166 10.
609 1120 649 1164 no
669 1104 855 1174 Bitiynieun.

309 1200 356 1252 Nil
365 1200 417 1252 tibi
426 1199 529 1267 legavit
538 1197 648 1260 Fabius,
659 1196 813 1264 Bithynice,
824 1197 867 1247 cni
878 1201 909 1247 tu

347 1290 445 1337 annua,
456 1273 606 1335 rimemini,
617 1272 705 1323 millia
715 1287 781 1322 sena
791 1271 886 1322 dahas.

309 1350 375 1401 Plus
385 1349 453 1400 nulli
462 1348 539 1398 desiit
549 1345 609 1397 illst
621 1340 873 1413 qneri,‘flitlrynice‚
881 1345 956 1397 noli:
1047 1339 1049 1342 ’

347 1418 790 1490 annualogavitmilliasenatrlsi.

559 1521 594 1560 ll.
617 1516 648 1559 In
669 1516 846 1559 cntharum.

382 1595 496 1658 coenes,
507 1591 651 1658 Canthara
660 1593 802 1646 clansoris
812 1593 941 1647 libentert

383 1668 494 1734 clamos,
505 1675 532 1721 et
539 1668 691 1732 maledicis,
702 1674 729 1719 et
736 1668 860 1720 minaris.

381 1745 512 1813 Deponas
520 1746 630 1796 animos
639 1751 739 1806 nuces,
749 1758 902 1795 monemus:

381 1819 452 1873 liber
460 1836 516 1872 non
524 1826 604 1887 potes
614 1824 642 1870 et
649 1818 764 1886 gsrlosus
773 1833 842 1870 esse.

501 1914 534 1952 12.
556 1911 596 1951 De
614 1908 720 1951 Enrino
740 1906 907 1950 Domitiani.

382 1985 487 2038 Nomen
498 2002 558 2038 cum
568 1984 651 2037 violis
660 1985 787 2051 rosisque
797 1989 901 2047 aanor,

382 2076 437 2127 qno
448 2076 511 2126 pars
523 2061 626 2127 optima
639 2065 810 2125 nrurcnpatar
819 2058 898 2120 ann13
961 2091 963 2096 -

369 2134 503 2201 ·Hyhlam
515 2134 588 2201 qaod
602 2134 684 2200 sapit,
699 2134 859 2199 Atticosque
873 2131 964 2196 llores,

383 2208 456 2278 quod
468 2209 548 2261 nidos
558 2207 701 2260 oletalitis
711 2207 856 2274 superbam

382 2300 481 2336 nomen
491 2289 599 2334 nectare
610 2283 717 2335 dulcius
727 2283 819 2344 beato,

384 2374 438 2427 quo
448 2358 543 2410 mallet
553 2357 669 2424 Cybeles
682 2372 750 2423 puer
758 2356 862 2420 vocari,

384 2440 412 2485 et
422 2434 469 2501 qui
478 2433 579 2499 pocula
589 2436 724 2500 temperat
734 2431 867 2483 Tonanti:

383 2505 640 2576 quodsiParrhasia
650 2522 730 2558 sones
739 2506 769 2557 in
780 2506 853 2568 aula,

383 2583 549 2651 respondent
558 2580 677 2634 Veneres
687 2580 902 2647 Cupidinesque:

383 2672 481 2709 nomen
491 2657 592 2721 nobile,
603 2655 696 2719 molle,
706 2655 853 2707 delicatum

383 2747 464 2783 versu
474 2731 563 2784 dicere
573 2747 629 2783 non
638 2731 700 2782 radi
709 2730 849 2781 volebamt

384 2806 432 2858 sed
441 2812 473 2858 tu
481 2806 590 2872 syllaba
600 2810 747 2858 contumax
755 2818 899 2873 repugnas.

384 2879 487 2933 Dicant
495 2880 616 2934 liarlnon
625 2885 717 2933 tamar
726 2885 834 2948 poetae,
