2750 3450
434 341 750 389 EPIGRAMMATUM
778 342 850 389 ala.
874 342 906 388 X.
971 356 973 363 ·
1017 339 1065 390 251

572 467 605 505 15.
631 463 670 504 De
688 461 772 516 Apro.

274 552 395 605 Dotatae
405 556 485 605 uxori
496 571 544 606 cor
554 555 684 606 ansndiue
695 555 756 605 fixit
766 560 858 605 acute:

312 629 360 680 sed
371 630 434 680 dum
443 629 515 681 ludit
523 630 602 696 Aper,
611 629 705 681 ludere
715 631 792 681 novit
800 630 880 696 Aper.

564 748 596 788 to.
620 744 652 788 ln
672 745 774 788 Caium.

276 838 306 890 Si
316 839 419 890 donare
430 854 513 890 vocas
525 840 693 904 promittere,
704 855 754 890 nec
764 840 839 903 dare,
850 839 911 890 cai:

311 915 418 965 vineam
428 921 455 964 te
466 914 544 965 donis
554 915 763 981 muneribusque
771 915 848 965 meis.

274 989 373 1055 Accipe
384 988 514 1040 Callaicis
524 989 656 1055 quidquid
667 987 739 1040 fodit
748 989 830 1039 Astur
838 989 868 1039 in
877 990 958 1051 arvis,

313 1078 396 1113 aurea
406 1063 538 1129 quidquid
549 1062 631 1114 habet
641 1063 735 1113 divitis
744 1062 818 1114 unda
828 1063 912 1129 Tagi3

274 1138 407 1204 quidquid
417 1135 570 1204 Erythraea
580 1138 657 1205 niger
665 1137 770 1188 invenit
779 1137 860 1188 lndus
869 1139 898 1187 in
909 1136 981 1204 alga,

312 1212 443 1279 quidquid
453 1218 480 1263 et
489 1213 518 1262 in
527 1213 599 1263 nidis
609 1213 692 1262 unica
701 1217 793 1263 servat
803 1212 875 1275 avis3
922 1246 924 1251 -

276 1285 407 1353 quidquid
418 1287 558 1353 Agenoreo
567 1287 658 1353 Tyros
668 1287 795 1352 improba
806 1287 881 1354 cogit
891 1302 974 1338 aeno:

311 1361 443 1427 quidquid
452 1359 553 1412 habent
563 1376 665 1425 omncs,
677 1362 779 1428 accipe,
790 1363 928 1428 quomodo
944 1362 1001 1413 das.

473 1469 507 1508 li.
531 1466 569 1508 De
588 1467 682 1508 lllecrn
701 1467 735 1507 ael
755 1467 865 1509 Musam.

274 1541 454 1595 Setumalitio
464 1543 588 1594 Macrum
597 1542 726 1595 fraudare
735 1542 848 1606 tributo,

310 1611 421 1680 frustra,
431 1617 521 1680 Musa,
533 1619 622 1684 cupis:
639 1633 694 1668 non
704 1617 777 1679 licet,
787 1611 847 1683 ipse
856 1619 938 1684 petit:

273 1692 472 1759 sollemnesque
481 1693 570 1756 iocos,
581 1708 631 1743 nec
640 1692 732 1743 tristia
742 1692 863 1742 carmina
872 1692 975 1759 poscit3

311 1773 338 1818 et
349 1768 470 1834 queritur
478 1783 565 1835 nugas
577 1768 725 1819 obticuisse
735 1782 818 1817 meas.

273 1841 430 1894 Mensorum
439 1842 530 1909 longis
541 1843 589 1894 sed
599 1858 670 1893 nunc
678 1847 760 1892 vacat
771 1840 819 1892 ille
829 1841 939 1892 libellis.

273 1908 277 1915 ’
309 1918 408 1984 Appia,
419 1917 484 1984 quid
494 1916 589 1981 facies,
600 1918 625 1968 si
634 1917 708 1985 leget
716 1917 771 1967 ista
780 1914 891 1967 Macerl

561 2026 593 2064 ¹8.
618 2023 657 2064 De
677 2022 773 2063 Mario.

272 2097 330 2150 Nec
339 2103 421 2150 vocat
432 2098 467 2150 ad
478 2114 590 2150 coenam
600 2098 715 2162 Marius,
726 2113 776 2149 nec
785 2113 898 2149 munera
906 2099 998 2159 mittit,

310 2188 360 2224 nec
370 2174 494 2240 spondet,
505 2188 556 2224 nec
563 2174 622 2224 vult
632 2175 755 2226 credere:
771 2173 819 2224 sed
828 2170 977 2224 nechabet.

273 2248 368 2299 Turba
376 2252 467 2300 temen
477 2263 533 2298 non
543 2248 627 2311 deest,
643 2247 763 2299 sterilem
775 2262 844 2314 quae
855 2252 930 2298 curet
940 2248 1064 2298 anticum.

309 2321 387 2374 Eheu
396 2338 476 2391 quam
487 2320 580 2373 fatuae
590 2328 652 2373 sunt
660 2323 721 2386 tibi,
731 2320 829 2386 Roma,
843 2319 937 2389 togael

273 2432 305 2471 la.
334 2427 428 2471 Mittit
455 2425 556 2477 librum
581 2439 656 2468 surum
680 2427 712 2468 su
740 2425 865 2468 Plinium
895 2423 1065 2480 (Caecilium

580 2481 758 2534 Secundum).

381 2549 440 2603 Nec
450 2549 559 2601 doctum
572 2550 649 2611 satis,
660 2554 688 2600 et
697 2564 793 2615 parum
803 2564 934 2612 severum,

383 2625 497 2677 sednon
506 2625 665 2676 rusticulum
676 2624 758 2675 nimis
767 2624 899 2687 libellum,

381 2699 500 2751 facundo
511 2714 572 2750 mea
581 2697 672 2750 Plinio
683 2696 785 2750 Thalia

375 2774 390 2825 i
394 2772 502 2841 perfer:
519 2774 611 2830 brevis
623 2780 666 2831 est
673 2776 919 2846 labor,peractae

367 2848 457 2908 alliun
469 2851 584 2910 vincere
594 2858 747 2913 tramitem
757 2855 909 2911 Suburae.
