2750 3450
440 343 753 391 EPIGRAMMATUM
782 344 852 389 1218.
883 344 902 390 1.
1033 341 1065 392 33

541 466 575 507 89.
599 463 638 504 Ad
654 461 797 504 Alcimum.

275 538 388 602 Alcime,
399 553 477 605 quem
487 546 593 604 raptum
605 538 716 589 dominc
727 537 909 589 crescentibus
923 540 1001 590 annis

312 612 454 665 Labicana
464 614 518 665 levi
528 614 629 678 cespite
637 612 712 663 velat
720 610 828 663 humusr

276 687 370 753 accipe
379 702 434 739 nen
443 687 527 738 Pario
538 688 662 737 nutantia
674 686 796 752 pondera
805 700 882 748 saxo,

313 776 383 827 quae
393 762 477 813 cinem‘
486 776 571 812 vanus
582 760 630 811 dat
639 761 744 812 ruitura
753 761 845 812 labor:

275 835 323 885 sed
334 833 445 902 fragiles
455 835 553 899 buxos,
562 842 591 886 et
601 851 703 901 opacas
712 835 833 901 palmitis
842 835 963 898 umbras,

317 923 439 975 quaeque
448 911 537 961 virent
545 910 667 961 lacrimis
677 906 788 960 humida
797 917 877 975 prata
885 910 962 960 meis.

275 982 383 1048 Accipe,
395 998 457 1035 care
466 999 542 1050 puer,
552 985 639 1035 nerui
650 990 824 1035 monumenta
834 982 952 1034 doloris:

313 1054 358 1107 hic
366 1058 418 1107 tibi
428 1065 558 1125 perpetuu
567 1064 690 1124 tempore
699 1058 772 1109 vivet
783 1054 881 1109 honor.

277 1130 344 1180 Cum
353 1129 420 1181 mihi
429 1147 568 1198 supremos
577 1130 710 1184 Lachesis
719 1131 872 1198 pemeverit
881 1146 980 1182 anncsr

313 1219 369 1257 non
379 1205 459 1257 aliter
468 1206 572 1258 cineres
580 1206 681 1258 mando
691 1207 782 1258 iecere
791 1219 877 1257 meos.

551 1313 585 1352 90.
611 1310 648 1352 Ad
666 1309 786 1352 Cinnam.

331 1384 426 1436 Garris
435 1385 464 1435 in
473 1399 564 1436 aurem
575 1400 680 1452 semper
691 1386 823 1449 omnibus,
838 1384 938 1448 Ginna3

329 1459 418 1526 garris
427 1464 456 1509 et
464 1459 542 1523 illud,
551 1465 621 1510 teste
631 1460 705 1526 quod
713 1461 779 1512 licet
787 1461 876 1512 turba.

329 1532 412 1583 Rides
422 1534 451 1583 in
461 1547 562 1596 aurem,
573 1535 701 1600 quereris,
712 1535 813 1602 arguis,
828 1534 932 1600 ploras:

332 1612 426 1658 cantas
434 1607 463 1657 in
474 1622 575 1671 aurem,
584 1608 700 1671 iudicas,
709 1613 793 1671 tecer,
805 1608 914 1659 clamas.

276 1690 281 1697 ·
330 1682 440 1733 Adeone
450 1682 556 1748 penitus
567 1682 638 1735 sedit
648 1680 693 1733 hic
701 1682 754 1734 tibi
762 1683 881 1746 morbus,

314 1780 315 1783 ¹
329 1764 360 1807 ut
369 1771 450 1821 saepe
459 1757 488 1807 in
498 1772 599 1820 aurem,
610 1757 707 1820 Cinna,
717 1756 861 1808 Gaesarem
870 1756 980 1808 laudest

474 1855 509 1896 91.
536 1852 576 1894 Ad
590 1852 705 1894 Bassam
718 1851 866 1894 tribadum.

279 1929 360 1991 Quod
371 1936 507 1994 nunquam
516 1928 637 1979 maribus
646 1928 767 1979 iunctam
776 1933 812 1990 te,
821 1926 917 1991 Basse,
927 1928 1062 1991 videbam,

313 2003 440 2071 quodque
447 2002 501 2053 tibi
508 2002 649 2054 moechum
660 2002 755 2054 fabula
763 2001 839 2052 nulla
848 2001 943 2053 dabat:

276 2093 356 2131 omne
366 2077 414 2128 sed
425 2078 543 2127 efficium
554 2078 627 2128 circa
636 2082 663 2128 te
673 2092 779 2144 semper
789 2077 884 2128 obibat

313 2151 394 2202 turba
402 2151 442 2201 tui
452 2166 541 2214 sexus,
551 2166 606 2202 non
616 2152 731 2205 adeunte
741 2152 814 2203 viror

275 2241 336 2278 esse
346 2225 491 2289 videbaris,
502 2224 600 2289 fateor,
611 2226 741 2277 Lucretia
749 2226 842 2277 nobis:

313 2304 343 2351 at
351 2304 381 2350 tu
391 2302 402 2362 (
408 2315 457 2365 pro
467 2297 602 2365 facinusl)
624 2300 721 2364 Bassa,
731 2299 836 2352 fututor
845 2315 914 2353 eras.

275 2374 351 2426 lnter
360 2389 389 2426 se
398 2374 520 2440 geminos
531 2374 614 2426 audes
624 2375 792 2427 committere
805 2390 916 2437 cunnos,

313 2449 495 2514 mentiturque
504 2449 591 2499 virum
602 2449 765 2517 prodigiosa
774 2447 874 2499 Venus.

276 2522 437 2575 Commenta
447 2536 476 2573 es
484 2522 595 2589 dignum
601 2521 733 2574 Thebane
743 2523 895 2589 aenigmate
905 2527 1063 2585 monstrum,

313 2594 367 2659 hic,
378 2596 425 2647 ubi
434 2595 477 2647 vir
485 2611 541 2647 non
551 2602 601 2661 est,
611 2603 641 2648 ut
650 2599 688 2648 sit
698 2597 869 2648 adulterium.

547 2694 582 2735 9².
606 2692 644 2733 sd
660 2684 794 2732 Laelium.

276 2765 345 2818 Cum
355 2773 404 2817 tue
412 2782 468 2819 non
478 2768 553 2830 edas,
563 2768 653 2834 carpis
664 2781 725 2818 mea
735 2766 863 2827 carmina,
877 2764 964 2815 Laeli.

315 2840 434 2907 Carpere
442 2841 487 2892 vel
497 2840 556 2892 noli
565 2848 669 2906 nostra,
680 2841 723 2893 vel
732 2840 783 2892 ede
792 2847 848 2891 tua.

343 2934 453 2979 Mser.
854 2935 874 2983 e
