2750 3450
319 356 368 406 128
606 355 817 403 nisurum

589 477 624 517 st.
647 475 687 517 De
706 472 836 517 Philone.

318 569 462 633 Nunquam
472 581 501 617 se
512 582 641 618 coenasse
652 567 727 618 domi
737 564 817 617 Philo
828 566 918 618 luratt
932 573 962 621 et
971 566 1030 623 hoc
1039 584 1077 623 est

269 662 272 667 ·
355 658 410 692 non
421 646 527 704 coenat,
538 643 645 708 quoties
655 656 735 692 nemo
746 642 858 692 vocavit
866 656 941 693 eum.

586 749 620 787 48.
645 746 684 787 lle
703 742 837 800 Encolpo.

320 838 392 899 Quid
402 853 457 888 non
467 840 542 905 cogit
552 837 645 889 amori
664 840 752 889 secuit
762 838 871 891 nolente
881 840 1008 906 capillos

356 912 493 978 Encolpns
504 913 626 975 domino,
635 928 686 964 nec
696 911 856 979 prohibente
864 918 971 966 tamen.

318 988 455 1049 Permisit,
465 985 591 1054 flevitque
602 987 719 1037 Pudens.
748 986 795 1038 Sic
804 987 888 1039 cessit
899 985 1022 1043 labans

356 1062 454 1112 audaci
464 1069 574 1128 questus
585 1062 618 1112 de
628 1059 798 1113 Phaethonte
809 1067 896 1127 pater.

319 1138 396 1187 Talis
407 1142 500 1201 raptus
510 1136 610 1202 Hylas,
619 1136 683 1186 talis
695 1136 841 1201 deprensus
851 1134 978 1190 Achilles

356 1211 485 1277 deposuit
493 1210 623 1277 gaudens,
634 1216 720 1260 uratre
730 1210 848 1273 dolente,
860 1226 966 1263 comas.

318 1285 372 1336 Sed
382 1291 413 1335 tu
422 1300 472 1335 neo
481 1299 607 1351 propero,
616 1284 745 1335 brevibus
754 1299 804 1335 uec
815 1282 896 1337 crede
907 1286 1035 1355 espillis;

355 1360 488 1426 tardaque
498 1374 547 1425 pro
558 1364 635 1410 tanto
645 1373 764 1422 munere,
777 1358 873 1422 barba,
883 1360 957 1411 veni.

580 1466 615 1506 49.
640 1463 679 1504 Ad
701 1463 859 1505 Labienum.

428 1556 566 1608 Vidissem
575 1556 659 1608 modo
668 1555 741 1607 forte
750 1571 810 1607 eum
819 1556 961 1609 sedentem

428 1633 516 1683 solum
526 1636 563 1694 te,
573 1631 709 1683 Labienet
723 1635 778 1682 tres
788 1630 891 1697 putavi.

429 1707 530 1759 Calvae
540 1723 583 1758 me
595 1721 723 1758 uumerus
732 1710 796 1758 tuoe
809 1703 917 1758 fefellit.

430 1781 498 1834 Sunt
506 1783 584 1833 illinc
594 1782 655 1845 tibi,
666 1786 730 1833 sunt
738 1786 766 1832 et
774 1778 837 1832 hinc
847 1781 954 1847 capilli,

430 1858 524 1925 quales
533 1872 584 1908 uec
593 1872 704 1923 puerum
716 1856 811 1908 decere
820 1856 938 1921 possint.

428 1932 536 1983 Nudum
548 1933 626 1982 estin
637 1930 728 1982 medio
742 1935 832 1996 eaput,
841 1944 892 1982 neo
901 1929 978 1983 ullus

429 2009 458 2057 in
468 2007 552 2073 longa
561 2006 633 2071 pilus
644 2020 709 2056 area
718 2010 837 2055 notatur.

429 2081 483 2131 llic
493 2096 569 2131 error
578 2081 630 2131 tibi
640 2078 744 2146 profuit
754 2077 908 2141 Deoembrl,

429 2163 502 2217 tirno,
514 2170 573 2205 cum
584 2154 700 2220 prandia
710 2155 786 2205 misit
796 2153 965 2218 Imperator3

429 2246 489 2280 oum
502 2229 653 2295 panariolis
663 2228 749 2279 tribus
760 2228 865 2278 redisti.

430 2304 525 2354 'l'nlem
538 2302 692 2369 Geryonem
703 2301 789 2353 fuisse
802 2302 893 2352 oredo.

433 2378 517 2442 Vites,
528 2393 636 2440 censeo,
647 2378 781 2443 porticum
792 2374 923 2442 Philippi.

430 2455 459 2505 Si
471 2461 497 2505 te
507 2453 607 2504 viderit
615 2451 758 2513 Hercules,
773 2451 877 2517 peristi.

562 2561 596 2599 5⁰.
620 2555 652 2598 ln
672 2555 869 2609 Charopinum.

322 2644 414 2694 Coeno
426 2644 501 2695 domi
512 2643 629 2711 quoties,
639 2643 739 2704 uisite,
752 2639 916 2706 Charoplne,
927 2642 1041 2708 voosri,

358 2720 481 2785 protinus
491 2720 615 2786 ingentes
624 2722 687 2768 suut
695 2716 870 2777 inimicitiam

312 2810 413 2863 meque
420 2794 495 2862 petis
506 2794 606 2848 stricto
616 2792 737 2846 medium
746 2789 906 2854 transigere
912 2787 1005 2850 leno,

339 2873 369 2922 si
377 2878 512 2927 nostrum
524 2874 627 2929 sinete
637 2871 698 2927 sois
711 2861 947 2922 oalxdsseioeum.
