2750 3450
389 334 708 384 Errcaammarnm
735 338 804 384 1218.
831 339 874 385 v1.
981 338 1029 388 ld?

289 474 360 526 quae
370 458 410 509 sic
419 463 568 522 moventur,
578 464 609 510 ut
619 460 709 511 solent
719 461 875 525 asellorum,

290 534 351 600 quis
361 535 492 584 morionis
501 533 587 584 lilium
597 539 677 600 neget
686 533 824 600 Cyrrhae!

290 607 370 659 Duae
380 624 498 670 sorores,
508 607 559 658 illa
568 609 656 675 nigra,
667 616 694 659 et
703 607 771 660 haec
781 609 850 672 nuta,

292 682 369 735 Croti
380 682 534 744 choraulae,
545 682 685 748 villicique
696 689 759 742 sunt
769 682 860 750 Carpi.

288 759 398 823 lamque
407 754 586 822 hybridarum
595 771 662 823 grex
672 758 724 808 tibi
735 756 808 809 foret
818 759 922 824 plenus,

289 835 314 884 si
323 832 410 898 spado
421 831 538 883 Coresus
548 831 756 899 Dindymusque
765 848 821 883 non
831 837 911 883 esset.
968 838 970 842 '

500 931 535 969 4⁰.
558 926 600 969 Ad
618 925 755 980 Lycorin.

275 1005 347 1054 mina
358 1003 489 1069 praeferri
500 1004 590 1070 potuit
598 1004 651 1055 tihi
659 1004 744 1066 nulla,
755 1003 872 1069 Lycoris

275 1078 402 1145 praeferri
414 1077 547 1144 Glycerae
557 1077 661 1128 femina
670 1078 746 1128 nulla
756 1083 855 1144 potest.

275 1169 311 1205 lec
321 1154 373 1204 erit
382 1151 444 1216 hoc,
455 1153 529 1219 quod
537 1157 580 1203 tu:
598 1158 629 1203 tu
638 1168 694 1204 non
704 1159 783 1218 potes
795 1168 865 1216 esse,
876 1151 950 1218 quod
960 1149 1029 1205 haec

275 1302 409 1367 Tempora
420 1301 484 1367 quid
494 1298 611 1352 faciunt!
632 1299 714 1352 Hanc
722 1233 798 1366 idio,
808 1306 835 1352 te
845 1300 929 1352 volui.

450 1398 484 1437 41.
508 1395 540 1439 ln
558 1409 670 1439 raucam
688 1394 809 1452 poetam.

275 1470 289 1519 li
299 1471 397 1521 recitat
407 1471 470 1521 lana
480 1471 572 1524 fauces
584 1478 611 1523 et
621 1474 695 1524 colla
705 1475 851 1536 revinctus,

275 1543 315 1596 hic
325 1561 354 1595 se
363 1561 444 1612 posse
454 1547 540 1614 loqui,
550 1562 632 1613 posse
641 1553 734 1600 tacere
743 1555 833 1616 negat.

318 1653 353 1692 42·
378 1649 417 1692 De
437 1651 552 1693 Etrusci
571 1652 702 1703 thermis,
722 1653 754 1695 ud
774 1653 937 1708 Oppianum.

325 1727 434 1778 Etrusci
443 1729 497 1779 nisi
507 1728 649 1781 thermulis
662 1730 775 1792 lavaris,

323 1801 420 1853 illotus
430 1804 566 1866 morieris,
577 1804 710 1870 Oppiane.

324 1875 423 1928 Nullae
434 1880 474 1928 sic
483 1878 535 1928 tibi
544 1879 719 1930 blandientur
731 1877 833 1928 undae:

323 1966 375 2002 nec
384 1950 474 2003 fontes
484 1954 573 2019 Aponi
583 1954 664 2006 rudes
674 1953 783 2020 puellis,

324 2042 379 2078 uon
390 2028 480 2077 mollis
492 2027 630 2091 Sinuessa,
640 2028 794 2094 fervidique

322 2101 420 2151 fluetus
430 2101 562 2165 Passeris,
573 2109 621 2154 ant
631 2103 762 2170 superbus
772 2103 874 2166 Anxur,

325 2191 380 2227 non
391 2174 495 2227 Phoebi
505 2178 585 2241 vada,
595 2179 786 2245 principesque
795 2177 891 2229 Baiae.

323 2248 462 2317 Nusquam
472 2257 528 2301 tam
538 2254 654 2304 nitidum
665 2254 749 2303 micat
758 2268 896 2306 serenum:

325 2325 373 2375 lux
382 2326 445 2391 ipsa
455 2332 496 2377 est
505 2328 545 2377 ibi
555 2329 673 2395 longior,
685 2329 797 2394 diesque

324 2399 401 2450 nullo
412 2401 517 2452 tardius
527 2418 545 2452 a
554 2403 617 2453 loco
627 2404 739 2454 recedit.

322 2473 385 2523 Illic
395 2475 512 2541 Taygeti
523 2478 611 2527 virent
619 2477 741 2539 metalla,
829 2530 831 2534 ‚

322 2554 350 2599 et
361 2554 465 2599 certant
474 2552 551 2602 vario
563 2551 662 2601 decore
673 2566 750 2614 saxa,

323 2638 394 2688 qnae
404 2621 498 2689 Phryx
507 2631 534 2676 ct
547 2624 636 2692 Libys
647 2625 729 2677 altius
740 2625 848 2676 cecidit.

325 2697 420 2748 Siccos
431 2699 540 2766 pinguis
552 2699 634 2766 Onyx
642 2699 754 2752 anhelat
762 2705 863 2764 aestus,

324 2776 353 2822 et
362 2770 472 2823 flamma
481 2775 556 2826 tenui
567 2775 657 2827 calent
667 2773 798 2845 Ophitae.

317 2845 397 2898 Ritus
404 2847 432 2897 si
442 2848 576 2916 placeant
585 2852 640 2908 tibi
653 2852 822 2919 Laconum,

794 2950 826 3000 K
834 2949 858 2994 Ἄ
