2750 3450
339 254 944 291 Ἣ-Ὰ

443 450 495 504 m
731 452 948 502 miurinus

446 579 547 630 Caesar
556 576 639 629 habet
648 581 741 628 noster
750 577 853 628 similes
863 578 916 628 tibi
925 578 1000 629 mille
1014 580 1119 634 ministr

481 658 611 720 tantaque
620 651 743 703 sidereos
753 652 800 703 rix
809 653 883 718 capit
893 653 957 703 aulu
967 669 1066 706 mares.

443 729 479 778 nt
487 728 540 778 tibi
549 728 574 778 si
585 726 691 777 dederit
699 726 789 777 vultus
800 742 879 778 coma
888 733 970 779 tonse
979 729 1083 793 viriles,

482 803 542 869 quis
553 800 629 865 mihi,
640 801 687 866 qui
697 807 791 852 nectar
800 802 922 865 misceat,
933 802 1003 854 alter
1013 803 1083 854 eritl

725 909 760 948 38.
783 904 815 947 ln
834 904 951 949 Gallum,

445 1002 512 1052 Cum
522 1001 561 1052 sis
570 1000 632 1066 ipse
642 999 726 1062 domi,
737 1000 880 1065 mediaque
891 1015 986 1052 ornere
996 1000 1112 1066 Subura,

481 1076 548 1126 liant
557 1076 682 1125 absentes
694 1080 721 1124 et
729 1074 789 1137 tibi,
803 1072 893 1137 Galla,
904 1089 1013 1127 comes:

444 1151 597 1202 necdentes
608 1150 696 1211 aliter,
706 1164 787 1214 quam
799 1146 983 1210 Sericscnocte
992 1166 1118 1218 reponas,

481 1231 508 1276 et
517 1226 609 1275 iaceas
621 1230 726 1274 centum
738 1224 850 1274 condita
858 1224 1020 1290 pyxidibns:

444 1315 494 1351 nec
503 1305 591 1349 tecum
601 1297 688 1348 facies
697 1303 745 1348 tua
755 1297 883 1362 donnint,
893 1299 984 1351 innuis
994 1300 1053 1361 illo,

481 1373 554 1440 quod
564 1373 616 1423 tibi
630 1372 766 1438 prolatum
778 1379 819 1423 est
827 1389 916 1435 mane,
926 1375 1087 1441 supercilio:

444 1454 471 1499 et
482 1454 509 1498 te
519 1447 594 1497 nulla
603 1454 695 1498 movet
705 1448 765 1497 cani
776 1449 927 1498 reverentia
940 1449 1029 1511 cunni,

482 1537 559 1589 quem
571 1526 649 1587 potes
659 1522 731 1572 inter
740 1536 807 1572 avos
817 1523 871 1572 iem
881 1537 1022 1573 numerare
1031 1527 1095 1573 tuos
1105 1541 1112 1572 ι

443 1597 580 1663 promittis
590 1602 719 1647 sexcenta
729 1603 833 1647 tamen:
848 1597 896 1648 sed
906 1597 1024 1647 mentula
1034 1597 1118 1648 surda

480 1677 516 1735 et,
528 1672 564 1723 sit
573 1671 650 1721 lusca
659 1671 733 1734 licet,
743 1678 770 1721 te
780 1677 869 1723 tamen
879 1671 929 1721 illa
938 1671 1020 1723 videt.

692 1780 727 1819 39.
751 1777 792 1818 All
810 1775 983 1830 Agathinum.

444 1871 554 1922 Summa
564 1871 629 1922 licet
638 1871 729 1933 velox,
741 1869 882 1938 Agathine,
891 1871 1014 1937 pericula
1024 1871 1101 1922 ludas

479 1962 534 1997 non
544 1951 635 1997 tumen
646 1946 756 2007 efficies,
766 1951 797 1996 ut
806 1947 857 1997 tibi
868 1962 964 2014 parma
974 1947 1063 1997 cadat.

443 2020 586 2071 Nolentem
596 2021 727 2086 seqnitur,
738 2026 886 2087 tenuesque
895 2037 1004 2073 reversa
1014 2036 1063 2086 per
1075 2037 1090 2070 a

480 2095 523 2145 vel
533 2095 601 2161 pede
611 2094 653 2144 vel
663 2101 751 2161 tergo,
762 2095 839 2145 clune
850 2095 892 2146 vel
902 2110 990 2161 ungue
1003 2096 1086 2144 sedet.

444 2169 563 2220 Lubrica
573 2169 692 2234 Corycio
704 2171 826 2235 quamvis
837 2171 893 2220 sint
899 2169 1006 2235 pulpita
1015 2170 1082 2219 niml

480 2251 508 2294 et
517 2244 627 2309 rapiant
636 2244 738 2295 celeres
748 2243 810 2295 vela
818 2248 918 2309 negata
927 2241 1006 2292 Noti:

443 2333 554 2369 securos
565 2319 642 2385 pueri
651 2318 776 2385 neglecta
785 2316 955 2383 perambulat
965 2323 1049 2377 antiss,

479 2400 507 2444 et
516 2400 597 2443 nocet
607 2392 707 2443 artifici
717 2397 811 2443 ventus
821 2397 848 2442 et
857 2389 930 2443 nunde
939 2389 1016 2441 nihil.

445 2468 479 2517 Ut
489 2483 603 2533 peecare
612 2467 690 2530 velis,
701 2482 760 2518 cum
771 2465 868 2517 feceris
881 2467 981 2528 omnia,
992 2464 1052 2516 falli

480 2559 535 2593 non
546 2549 637 2609 putes:
655 2548 713 2593 arte
724 2557 792 2608 opus
803 2547 852 2604 est,
862 2548 892 2592 ut
901 2541 951 2592 tibi
966 2556 1059 2608 parma

638 2651 673 2688 40.
696 2648 740 2712 ¹lle
761 2646 851 2689 netuli
872 2648 1034 2689 Caesonine.

444 2740 536 2790 Prima
547 2740 675 2790 Palatino
685 2740 732 2791 lux
742 2749 784 2792 est
794 2740 861 2793 haec
873 2746 933 2793 orta
942 2741 1047 2790 Tonnm

483 2821 605 2880 optasset
615 2814 717 2880 Cybele
728 2830 781 2881 que
793 2818 929 2882 peperisse
940 2815 1038 2864 lovem.

442 2888 506 2940 llac
516 2894 543 2939 et
552 2895 647 2940 sancta
658 2890 712 2939 mei
721 2891 814 2956 genita
824 2897 865 2940 est
874 2890 1008 2939 Caesonia
1021 2888 1038 2936 ll

475 2964 540 3035 plus
553 2964 635 3018 (lebet
641 2965 726 3016 metri
734 2964 809 3016 nulla
819 2964 909 3030 puella
919 2978 992 3013 suae.
