2750 3450
385 387 700 439 urrcnlmmsrum
718 371 803 435 'ure
829 390 873 435 ιιι.
975 388 1034 441 ιιι.

270 527 281 562 ι
292 516 381 579 rogat,
391 516 421 562 ut
430 511 513 574 vivut,
523 511 625 562 virides
635 525 685 562 nec
696 511 804 563 deserat
814 527 914 575 annos3

270 593 297 636 et
306 586 373 649 ficri,
385 586 458 660 qued
468 586 524 635 iam
533 601 589 636 non
598 584 667 636 iecit
675 587 744 651 ipse,
754 587 829 636 sinit.

269 662 360 711 otinus
371 660 504 715 accedunt
513 660 621 723 medici,
630 661 806 727 medicaeque
816 662 952 725 recedunt,

270 736 455 802 tollanturque
468 734 561 802 pedes.
586 734 609 784 0
624 736 762 786 medicina
774 734 880 802 gravis!

527 831 562 871 12.
587 829 627 872 De
646 827 729 871 Nsts.

306 904 410 956 Drauci
420 903 494 957 Nata
503 905 548 955 sni
558 910 639 956 vocat
649 906 799 973 pipinnam,

307 979 425 1031 collatus
436 980 480 1031 cni
492 977 589 1031 Gallus
600 985 641 1031 est
650 978 776 1048 Priapus.

510 1087 545 1128 13.
569 1084 601 1127 ln
618 1084 750 1139 landon.

271 1166 381 1211 uturum
391 1161 467 1212 iuras
477 1176 583 1227 semper
592 1160 668 1224 mihi,
680 1161 785 1228 Lygde‚
796 1162 919 1228 roganti:

271 1236 468 1303 constituisque
478 1234 584 1299 horam,
595 1237 792 1302 constituisque
802 1236 902 1288 locum.

271 1326 300 1361 un
310 1309 413 1362 frustm
421 1311 496 1363 iacui
504 1312 589 1378 longe
598 1313 737 1379 prurigine
746 1317 846 1374 tentus,

270 1386 405 1436 succurrit
414 1400 464 1451 pro
474 1390 502 1436 te
512 1401 594 1453 saepe
604 1387 717 1437 sinistro
728 1384 804 1436 mihi.

271 1459 307 1510 rid
317 1474 420 1526 precer,
432 1476 449 1511 o
459 1460 555 1522 fallax,
566 1462 671 1511 meritis
682 1466 710 1511 et
718 1460 841 1512 moribus
849 1458 928 1513 istisi

271 1533 422 1585 Umbellam
433 1534 534 1598 insece,
546 1534 651 1602 Lygde,
661 1534 735 1586 feres
745 1536 880 1587 dontinae.

505 1642 540 1682 14.
565 1641 603 1682 De
621 1640 754 1683 liccem.

271 1714 389 1768 randum
399 1731 495 1783 penem
506 1717 643 1767 commisit
652 1715 776 1767 Baccara
786 1715 907 1768 Graecus
986 1694 988 1702 Ι

271 1790 351 1842 rivali
361 1791 482 1843 medico:
496 1792 620 1842 Baccara
631 1791 728 1843 Gallus
738 1792 798 1843 erlt.

507 1900 542 1940 15.
565 1895 597 1939 In
617 1894 753 1939 Coelium.

326 1971 420 2025 Theca
428 1978 517 2025 tectus
528 1969 614 2025 a'e'neu
623 1973 733 2025 levatur

323 2054 423 2111 tecum,
434 2048 539 2111 Caelia,
548 2064 650 2100 servus.
675 2047 712 2098 Ut
721 2046 794 2113 quid,
806 2061 865 2109 oro,

324 2124 428 2175 nonsit
438 2139 498 2175 cum
509 2121 683 2175 citharoedus
695 2128 742 2173 ant
752 2118 912 2173 choraules!

324 2196 388 2250 Non
397 2198 448 2261 vis,
459 2203 573 2264 utputo,
584 2198 731 2249 mentulam
741 2197 842 2248 videre.

327 2271 418 2333 Quare
429 2288 489 2323 cum
499 2273 601 2339 populo
611 2272 715 2323 lavaris
725 2269 807 2337 ergoi

326 2346 427 2399 Omnes
438 2362 472 2397 cn
480 2347 532 2398 tibi
541 2363 593 2398 nos
603 2363 695 2398 sumus
705 2343 858 2412 spadonesi

324 2421 408 2490 Ergo,
419 2437 453 2472 ne
463 2406 583 2472 videaris
593 2422 725 2483 inridere,

325 2511 414 2559 servo,
426 2495 530 2557 Caelia,
541 2494 652 2546 fibulam
660 2496 778 2547 remitte.

435 2615 438 2621 ·
517 2602 550 2642 16.
575 2599 614 2642 Ad
634 2600 757 2642 Paetum.

274 2677 356 2740 lvere,
368 2675 460 2741 Paete,
477 2677 568 2730 decem
579 2676 631 2728 tibi
640 2691 683 2728 me
693 2676 820 2727 sestertia
831 2675 917 2742 cogis.

272 2751 422 2821 perdiderit
432 2752 561 2820 qnoniam
570 2751 663 2803 Bucco
675 2752 791 2803 ducents
800 2751 862 2803 tibi.

272 2832 413 2891 morcant,
424 2842 484 2891 oro,
494 2826 562 2878 mihi
571 2843 626 2879 non
636 2842 698 2879 mea
708 2828 835 2878 crimina:
850 2832 889 2890 tu,
900 2826 948 2894 qui

272 2901 315 2955 bis
327 2906 440 2954 centeno
449 2907 529 2971 potes
538 2902 660 2970 periere,
670 2902 755 2971 perde
765 2904 867 2955 decem.
