<?xml version="1.0" encoding="UTF-8"?>
<!DOCTYPE html PUBLIC "-//W3C//DTD XHTML 1.0 Transitional//EN"
    "http://www.w3.org/TR/xhtml1/DTD/xhtml1-transitional.dtd">
<html xmlns="http://www.w3.org/1999/xhtml" xml:lang="en" lang="en">
 <head>
  <title>
</title>
<meta http-equiv="Content-Type" content="text/html;charset=utf-8" />
  <meta name='ocr-system' content='tesseract 3.04.00' />
  <meta name='ocr-capabilities' content='ocr_page ocr_carea ocr_par ocr_line ocrx_word'/>
</head>
<body>
  <div class='ocr_page' id='page_1' title='image "./mvaleriimartial03martgoog_0088.png"; bbox 0 0 2750 3450; ppageno 0'>
   <div class='ocr_carea' id='block_1_1' title="bbox 431 345 1077 398">
    <p class='ocr_par' dir='ltr' id='par_1_1' title="bbox 431 345 1077 398">
     <span class='ocr_line' id='line_1_1' title="bbox 431 345 1077 398; baseline 0 -2"><span class='ocrx_word' id='word_1_1' title='bbox 431 348 755 398; x_wconf 79' lang='lat' dir='ltr'><strong>EPIGRAMMATUM</strong></span> <span class='ocrx_word' id='word_1_2' title='bbox 782 349 851 396; x_wconf 70' lang='grc' dir='ltr'>[ΑΒ.</span> <span class='ocrx_word' id='word_1_3' title='bbox 876 349 920 396; x_wconf 90' lang='lat'>111.</span> <span class='ocrx_word' id='word_1_4' title='bbox 1044 345 1077 397; x_wconf 81' lang='lat'>⁷9</span> 
     </span>
    </p>
   </div>
   <div class='ocr_carea' id='block_1_2' title="bbox 274 470 1000 691">
    <p class='ocr_par' dir='ltr' id='par_1_2' title="bbox 274 470 1000 691">
     <span class='ocr_line' id='line_1_2' title="bbox 560 470 791 514; baseline -0.004 0"><span class='ocrx_word' id='word_1_5' title='bbox 560 474 594 514; x_wconf 80' lang='grc'>61.</span> <span class='ocrx_word' id='word_1_6' title='bbox 618 471 649 513; x_wconf 89' lang='lat' dir='ltr'>ln</span> <span class='ocrx_word' id='word_1_7' title='bbox 668 470 791 514; x_wconf 71' lang='lat' dir='ltr'>Cinam.</span> 
     </span>
     <span class='ocr_line' id='line_1_3' title="bbox 274 544 1000 616; baseline -0.001 -18"><span class='ocrx_word' id='word_1_8' title='bbox 274 545 344 598; x_wconf 86' lang='lat' dir='ltr'>Esse</span> <span class='ocrx_word' id='word_1_9' title='bbox 354 544 424 597; x_wconf 88' lang='lat' dir='ltr'><strong>nihil</strong></span> <span class='ocrx_word' id='word_1_10' title='bbox 435 547 515 611; x_wconf 82' lang='lat' dir='ltr'>dieis,</span> <span class='ocrx_word' id='word_1_11' title='bbox 527 549 661 616; x_wconf 84' lang='lat' dir='ltr'><strong>quidquid</strong></span> <span class='ocrx_word' id='word_1_12' title='bbox 674 549 755 614; x_wconf 85' lang='lat' dir='ltr'>petis,</span> <span class='ocrx_word' id='word_1_13' title='bbox 764 548 1000 614; x_wconf 66' lang='lat' dir='ltr'>improbeilinna:</span> 
     </span>
     <span class='ocr_line' id='line_1_4' title="bbox 311 621 915 691; baseline 0.002 -19"><span class='ocrx_word' id='word_1_14' title='bbox 311 622 338 672; x_wconf 88' lang='lat' dir='ltr'>si</span> <span class='ocrx_word' id='word_1_15' title='bbox 347 622 396 685; x_wconf 89' lang='lat' dir='ltr'>nil,</span> <span class='ocrx_word' id='word_1_16' title='bbox 408 621 504 686; x_wconf 84' lang='lat' dir='ltr'>Cinna,</span> <span class='ocrx_word' id='word_1_17' title='bbox 515 625 595 691; x_wconf 82' lang='lat' dir='ltr'>petis,</span> <span class='ocrx_word' id='word_1_18' title='bbox 605 625 644 674; x_wconf 91' lang='lat' dir='ltr'>nil</span> <span class='ocrx_word' id='word_1_19' title='bbox 655 625 716 688; x_wconf 87' lang='lat' dir='ltr'>tibi,</span> <span class='ocrx_word' id='word_1_20' title='bbox 729 623 825 687; x_wconf 83' lang='lat' dir='ltr'>Cinna,</span> <span class='ocrx_word' id='word_1_21' title='bbox 835 638 915 691; x_wconf 81' lang='lat' dir='ltr'>nego.</span> 
     </span>
    </p>
   </div>
   <div class='ocr_carea' id='block_1_3' title="bbox 544 729 811 778">
    <p class='ocr_par' dir='ltr' id='par_1_3' title="bbox 544 729 811 778">
     <span class='ocr_line' id='line_1_5' title="bbox 544 729 811 778; baseline 0.004 -8"><span class='ocrx_word' id='word_1_22' title='bbox 544 732 577 771; x_wconf 78' lang='lat'>62.</span> <span class='ocrx_word' id='word_1_23' title='bbox 602 729 634 771; x_wconf 92' lang='lat' dir='ltr'>ln</span> <span class='ocrx_word' id='word_1_24' title='bbox 654 731 811 778; x_wconf 75' lang='lat' dir='ltr'>aninetum.</span> 
     </span>
    </p>
   </div>
   <div class='ocr_carea' id='block_1_4' title="bbox 275 804 1021 1401">
    <p class='ocr_par' dir='ltr' id='par_1_4' title="bbox 275 804 958 948">
     <span class='ocr_line' id='line_1_6' title="bbox 275 804 958 873; baseline -0.001 -17"><span class='ocrx_word' id='word_1_25' title='bbox 275 805 404 857; x_wconf 84' lang='lat' dir='ltr'>Centenis</span> <span class='ocrx_word' id='word_1_26' title='bbox 415 804 491 872; x_wconf 85' lang='lat' dir='ltr'>quod</span> <span class='ocrx_word' id='word_1_27' title='bbox 501 805 568 856; x_wconf 85' lang='lat' dir='ltr'>ernis</span> <span class='ocrx_word' id='word_1_28' title='bbox 579 821 688 872; x_wconf 88' lang='lat' dir='ltr'>pueros,</span> <span class='ocrx_word' id='word_1_29' title='bbox 700 812 727 857; x_wconf 88' lang='lat' dir='ltr'>et</span> <span class='ocrx_word' id='word_1_30' title='bbox 737 821 820 873; x_wconf 85' lang='lat' dir='ltr'>saepe</span> <span class='ocrx_word' id='word_1_31' title='bbox 834 805 958 857; x_wconf 83' lang='lat' dir='ltr'>ducenis:</span> 
     </span>
     <span class='ocr_line' id='line_1_7' title="bbox 314 879 919 948; baseline 0 -18"><span class='ocrx_word' id='word_1_32' title='bbox 314 880 388 948; x_wconf 89' lang='lat' dir='ltr'><strong>quod</strong></span> <span class='ocrx_word' id='word_1_33' title='bbox 399 881 449 932; x_wconf 82' lang='lat' dir='ltr'>sub</span> <span class='ocrx_word' id='word_1_34' title='bbox 459 895 524 948; x_wconf 85' lang='lat' dir='ltr'>rege</span> <span class='ocrx_word' id='word_1_35' title='bbox 534 879 625 931; x_wconf 87' lang='lat' dir='ltr'>Numa</span> <span class='ocrx_word' id='word_1_36' title='bbox 636 883 747 933; x_wconf 84' lang='lat' dir='ltr'>condita</span> <span class='ocrx_word' id='word_1_37' title='bbox 757 883 822 932; x_wconf 83' lang='lat' dir='ltr'>vina</span> <span class='ocrx_word' id='word_1_38' title='bbox 834 882 919 933; x_wconf 87' lang='lat' dir='ltr'>bibis:</span> 
     </span>
    </p>

    <p class='ocr_par' dir='ltr' id='par_1_5' title="bbox 275 954 985 1099">
     <span class='ocr_line' id='line_1_8' title="bbox 275 954 985 1024; baseline -0.001 -17"><span class='ocrx_word' id='word_1_39' title='bbox 275 956 352 1024; x_wconf 84' lang='lat' dir='ltr'><strong>quod</strong></span> <span class='ocrx_word' id='word_1_40' title='bbox 362 961 470 1007; x_wconf 84' lang='lat' dir='ltr'>constat</span> <span class='ocrx_word' id='word_1_41' title='bbox 482 955 572 1007; x_wconf 87' lang='lat' dir='ltr'>decies</span> <span class='ocrx_word' id='word_1_42' title='bbox 582 957 635 1007; x_wconf 91' lang='lat' dir='ltr'>tibi</span> <span class='ocrx_word' id='word_1_43' title='bbox 645 973 701 1008; x_wconf 86' lang='lat' dir='ltr'>nan</span> <span class='ocrx_word' id='word_1_44' title='bbox 712 958 837 1023; x_wconf 85' lang='lat' dir='ltr'>spatiosa</span> <span class='ocrx_word' id='word_1_45' title='bbox 847 954 985 1022; x_wconf 80' lang='lat' dir='ltr'><strong>supellex:</strong></span> 
     </span>
     <span class='ocr_line' id='line_1_9' title="bbox 311 1031 916 1099; baseline -0.003 -17"><span class='ocrx_word' id='word_1_46' title='bbox 311 1031 387 1082; x_wconf 81' lang='lat' dir='ltr'>libra</span> <span class='ocrx_word' id='word_1_47' title='bbox 398 1032 472 1098; x_wconf 86' lang='lat' dir='ltr'><strong>quod</strong></span> <span class='ocrx_word' id='word_1_48' title='bbox 484 1033 590 1098; x_wconf 84' lang='lat' dir='ltr'>argenti</span> <span class='ocrx_word' id='word_1_49' title='bbox 600 1032 690 1082; x_wconf 89' lang='lat' dir='ltr'><strong>millia</strong></span> <span class='ocrx_word' id='word_1_50' title='bbox 701 1034 819 1099; x_wconf 84' lang='lat' dir='ltr'>quinque</span> <span class='ocrx_word' id='word_1_51' title='bbox 830 1033 916 1099; x_wconf 86' lang='lat' dir='ltr'>rapit:</span> 
     </span>
    </p>

    <p class='ocr_par' dir='ltr' id='par_1_6' title="bbox 275 1106 994 1250">
     <span class='ocr_line' id='line_1_10' title="bbox 275 1106 898 1175; baseline 0 -18"><span class='ocrx_word' id='word_1_52' title='bbox 275 1121 362 1158; x_wconf 86' lang='lat' dir='ltr'>aurea</span> <span class='ocrx_word' id='word_1_53' title='bbox 373 1107 447 1173; x_wconf 88' lang='lat' dir='ltr'><strong>quod</strong></span> <span class='ocrx_word' id='word_1_54' title='bbox 457 1106 536 1156; x_wconf 78' lang='lat' dir='ltr'>fundi</span> <span class='ocrx_word' id='word_1_55' title='bbox 546 1109 635 1174; x_wconf 86' lang='lat' dir='ltr'>pretio</span> <span class='ocrx_word' id='word_1_56' title='bbox 648 1123 762 1158; x_wconf 82' lang='lat' dir='ltr'>carruca</span> <span class='ocrx_word' id='word_1_57' title='bbox 772 1114 898 1175; x_wconf 86' lang='lat' dir='ltr'>paratur:</span> 
     </span>
     <span class='ocr_line' id='line_1_11' title="bbox 314 1181 994 1250; baseline -0.003 -17"><span class='ocrx_word' id='word_1_58' title='bbox 314 1183 389 1250; x_wconf 88' lang='lat' dir='ltr'><strong>quod</strong></span> <span class='ocrx_word' id='word_1_59' title='bbox 400 1181 486 1249; x_wconf 87' lang='lat' dir='ltr'>pluris</span> <span class='ocrx_word' id='word_1_60' title='bbox 497 1182 571 1232; x_wconf 87' lang='lat' dir='ltr'>mula</span> <span class='ocrx_word' id='word_1_61' title='bbox 582 1189 631 1244; x_wconf 86' lang='lat' dir='ltr'>est,</span> <span class='ocrx_word' id='word_1_62' title='bbox 643 1198 724 1249; x_wconf 85' lang='lat' dir='ltr'>quam</span> <span class='ocrx_word' id='word_1_63' title='bbox 737 1183 833 1234; x_wconf 84' lang='lat' dir='ltr'>donnrs</span> <span class='ocrx_word' id='word_1_64' title='bbox 845 1189 919 1234; x_wconf 83' lang='lat' dir='ltr'>emta</span> <span class='ocrx_word' id='word_1_65' title='bbox 927 1183 994 1232; x_wconf 85' lang='lat' dir='ltr'>tihi:</span> 
     </span>
    </p>

    <p class='ocr_par' dir='ltr' id='par_1_7' title="bbox 275 1257 1021 1401">
     <span class='ocr_line' id='line_1_12' title="bbox 275 1257 972 1325; baseline -0.003 -15"><span class='ocrx_word' id='word_1_66' title='bbox 275 1257 346 1310; x_wconf 87' lang='lat' dir='ltr'>haee</span> <span class='ocrx_word' id='word_1_67' title='bbox 357 1258 448 1308; x_wconf 87' lang='lat' dir='ltr'>animo</span> <span class='ocrx_word' id='word_1_68' title='bbox 460 1257 549 1308; x_wconf 87' lang='lat' dir='ltr'>credis</span> <span class='ocrx_word' id='word_1_69' title='bbox 560 1274 659 1325; x_wconf 80' lang='lat' dir='ltr'>magno</span> <span class='ocrx_word' id='word_1_70' title='bbox 670 1265 707 1322; x_wconf 90' lang='lat' dir='ltr'>te,</span> <span class='ocrx_word' id='word_1_71' title='bbox 720 1258 845 1322; x_wconf 82' lang='lat' dir='ltr'>Quincte‚</span> <span class='ocrx_word' id='word_1_72' title='bbox 856 1257 972 1325; x_wconf 73' lang='lat' dir='ltr'>patarei</span> 
     </span>
     <span class='ocr_line' id='line_1_13' title="bbox 313 1332 1021 1401; baseline -0.001 -18"><span class='ocrx_word' id='word_1_73' title='bbox 313 1333 441 1385; x_wconf 78' lang='lat' dir='ltr'>Falleris.</span> <span class='ocrx_word' id='word_1_74' title='bbox 465 1332 544 1385; x_wconf 81' lang='lat' dir='ltr'>Haec</span> <span class='ocrx_word' id='word_1_75' title='bbox 553 1334 669 1399; x_wconf 59' lang='lat' dir='ltr'>fluimus,</span> <span class='ocrx_word' id='word_1_76' title='bbox 685 1334 810 1398; x_wconf 60' lang='lat' dir='ltr'>Quinem,</span> <span class='ocrx_word' id='word_1_77' title='bbox 821 1334 937 1401; x_wconf 87' lang='lat' dir='ltr'>pusillus</span> <span class='ocrx_word' id='word_1_78' title='bbox 948 1334 1021 1385; x_wconf 86' lang='lat' dir='ltr'>emit.</span> 
     </span>
    </p>
   </div>
   <div class='ocr_carea' id='block_1_5' title="bbox 551 1439 795 1483">
    <p class='ocr_par' dir='ltr' id='par_1_8' title="bbox 551 1439 795 1483">
     <span class='ocr_line' id='line_1_14' title="bbox 551 1439 795 1483; baseline 0 -1"><span class='ocrx_word' id='word_1_79' title='bbox 551 1440 586 1482; x_wconf 63' lang='grc' dir='ltr'>(Β.</span> <span class='ocrx_word' id='word_1_80' title='bbox 609 1440 642 1482; x_wconf 88' lang='lat' dir='ltr'>In</span> <span class='ocrx_word' id='word_1_81' title='bbox 661 1439 795 1483; x_wconf 78' lang='lat' dir='ltr'>cotilum.</span> 
     </span>
    </p>
   </div>
   <div class='ocr_carea' id='block_1_6' title="bbox 273 1515 1083 2566">
    <p class='ocr_par' dir='ltr' id='par_1_9' title="bbox 273 1515 1083 2566">
     <span class='ocr_line' id='line_1_15' title="bbox 276 1515 1021 1581; baseline -0.004 -12"><span class='ocrx_word' id='word_1_82' title='bbox 276 1516 378 1580; x_wconf 73' lang='lat' dir='ltr'>ostile,</span> <span class='ocrx_word' id='word_1_83' title='bbox 389 1515 477 1568; x_wconf 86' lang='lat' dir='ltr'>bellus</span> <span class='ocrx_word' id='word_1_84' title='bbox 488 1515 571 1569; x_wconf 88' lang='lat' dir='ltr'>horno</span> <span class='ocrx_word' id='word_1_85' title='bbox 583 1534 625 1569; x_wconf 84' lang='lat' dir='ltr'>es:</span> <span class='ocrx_word' id='word_1_86' title='bbox 646 1518 741 1568; x_wconf 85' lang='lat' dir='ltr'>dicunt</span> <span class='ocrx_word' id='word_1_87' title='bbox 750 1517 812 1581; x_wconf 86' lang='lat' dir='ltr'>hoe,</span> <span class='ocrx_word' id='word_1_88' title='bbox 824 1518 923 1580; x_wconf 80' lang='lat' dir='ltr'>Cotile,</span> <span class='ocrx_word' id='word_1_89' title='bbox 933 1516 1021 1568; x_wconf 87' lang='lat' dir='ltr'><strong>multi.</strong></span> 
     </span>
     <span class='ocr_line' id='line_1_16' title="bbox 313 1592 968 1659; baseline -0.002 -16"><span class='ocrx_word' id='word_1_90' title='bbox 313 1593 418 1644; x_wconf 81' lang='lat' dir='ltr'><strong>Audio:</strong></span> <span class='ocrx_word' id='word_1_91' title='bbox 434 1593 482 1644; x_wconf 86' lang='lat' dir='ltr'>sed</span> <span class='ocrx_word' id='word_1_92' title='bbox 493 1593 559 1659; x_wconf 83' lang='lat' dir='ltr'>qnid</span> <span class='ocrx_word' id='word_1_93' title='bbox 570 1594 614 1655; x_wconf 89' lang='lat' dir='ltr'>sit,</span> <span class='ocrx_word' id='word_1_94' title='bbox 626 1593 671 1643; x_wconf 90' lang='lat' dir='ltr'>dic</span> <span class='ocrx_word' id='word_1_95' title='bbox 681 1592 758 1656; x_wconf 86' lang='lat' dir='ltr'>mihi,</span> <span class='ocrx_word' id='word_1_96' title='bbox 768 1594 856 1644; x_wconf 87' lang='lat' dir='ltr'>bellus</span> <span class='ocrx_word' id='word_1_97' title='bbox 868 1592 968 1644; x_wconf 71' lang='lat' dir='ltr'>hamul</span> 
     </span>
     <span class='ocr_line' id='line_1_17' title="bbox 274 1666 1014 1736; baseline -0.008 -14"><span class='ocrx_word' id='word_1_98' title='bbox 274 1667 371 1721; x_wconf 89' lang='lat' dir='ltr'>Bellus</span> <span class='ocrx_word' id='word_1_99' title='bbox 382 1666 465 1718; x_wconf 87' lang='lat' dir='ltr'><strong>homo</strong></span> <span class='ocrx_word' id='word_1_100' title='bbox 477 1673 526 1732; x_wconf 86' lang='lat' dir='ltr'>est,</span> <span class='ocrx_word' id='word_1_101' title='bbox 537 1667 624 1719; x_wconf 85' lang='lat' dir='ltr'>flexos</span> <span class='ocrx_word' id='word_1_102' title='bbox 636 1669 683 1736; x_wconf 89' lang='lat' dir='ltr'>qni</span> <span class='ocrx_word' id='word_1_103' title='bbox 694 1669 795 1735; x_wconf 82' lang='lat' dir='ltr'>digerit</span> <span class='ocrx_word' id='word_1_104' title='bbox 805 1669 901 1719; x_wconf 86' lang='lat' dir='ltr'>ordine</span> <span class='ocrx_word' id='word_1_105' title='bbox 912 1669 1014 1720; x_wconf 85' lang='lat' dir='ltr'>crines:</span> 
     </span>
     <span class='ocr_line' id='line_1_18' title="bbox 312 1744 961 1811; baseline -0.002 -16"><span class='ocrx_word' id='word_1_106' title='bbox 312 1744 439 1795; x_wconf 83' lang='lat' dir='ltr'>balsama</span> <span class='ocrx_word' id='word_1_107' title='bbox 449 1746 496 1810; x_wconf 89' lang='lat' dir='ltr'>qui</span> <span class='ocrx_word' id='word_1_108' title='bbox 506 1760 620 1811; x_wconf 81' lang='lat' dir='ltr'>semper,</span> <span class='ocrx_word' id='word_1_109' title='bbox 635 1746 767 1795; x_wconf 85' lang='lat' dir='ltr'>cinnama·</span> <span class='ocrx_word' id='word_1_110' title='bbox 776 1761 882 1811; x_wconf 79' lang='lat' dir='ltr'>semper</span> <span class='ocrx_word' id='word_1_111' title='bbox 893 1745 961 1796; x_wconf 87' lang='lat' dir='ltr'>olet:</span> 
     </span>
     <span class='ocr_line' id='line_1_19' title="bbox 276 1818 879 1887; baseline -0.007 -14"><span class='ocrx_word' id='word_1_112' title='bbox 276 1821 386 1873; x_wconf 83' lang='lat' dir='ltr'>cantica</span> <span class='ocrx_word' id='word_1_113' title='bbox 397 1820 443 1886; x_wconf 88' lang='lat' dir='ltr'>qui</span> <span class='ocrx_word' id='word_1_114' title='bbox 454 1818 521 1884; x_wconf 92' lang='lat' dir='ltr'><strong>Nili,</strong></span> <span class='ocrx_word' id='word_1_115' title='bbox 533 1822 580 1887; x_wconf 88' lang='lat' dir='ltr'>qui</span> <span class='ocrx_word' id='word_1_116' title='bbox 592 1818 732 1869; x_wconf 82' lang='lat' dir='ltr'>Gaditana</span> <span class='ocrx_word' id='word_1_117' title='bbox 743 1825 879 1870; x_wconf 79' lang='lat' dir='ltr'>susurrat:</span> 
     </span>
     <span class='ocr_line' id='line_1_20' title="bbox 316 1893 943 1962; baseline -0.006 -15"><span class='ocrx_word' id='word_1_118' title='bbox 316 1896 364 1962; x_wconf 91' lang='lat' dir='ltr'>qui</span> <span class='ocrx_word' id='word_1_119' title='bbox 371 1902 465 1947; x_wconf 84' lang='lat' dir='ltr'>movet</span> <span class='ocrx_word' id='word_1_120' title='bbox 474 1896 503 1946; x_wconf 94' lang='lat' dir='ltr'>in</span> <span class='ocrx_word' id='word_1_121' title='bbox 514 1897 607 1947; x_wconf 88' lang='lat' dir='ltr'>varios</span> <span class='ocrx_word' id='word_1_122' title='bbox 618 1893 733 1946; x_wconf 74' lang='lat' dir='ltr'>brachia</span> <span class='ocrx_word' id='word_1_123' title='bbox 742 1895 822 1946; x_wconf 85' lang='lat' dir='ltr'>volsa</span> <span class='ocrx_word' id='word_1_124' title='bbox 831 1895 943 1946; x_wconf 76' lang='lat' dir='ltr'>niodos:</span> 
     </span>
     <span class='ocr_line' id='line_1_21' title="bbox 273 1969 848 2038; baseline -0.007 -14"><span class='ocrx_word' id='word_1_125' title='bbox 273 1973 349 2025; x_wconf 83' lang='lat' dir='ltr'>inter</span> <span class='ocrx_word' id='word_1_126' title='bbox 359 1970 490 2023; x_wconf 84' lang='lat' dir='ltr'>femineas</span> <span class='ocrx_word' id='word_1_127' title='bbox 500 1976 562 2023; x_wconf 86' lang='lat' dir='ltr'>tota</span> <span class='ocrx_word' id='word_1_128' title='bbox 572 1972 620 2038; x_wconf 87' lang='lat' dir='ltr'>qni</span> <span class='ocrx_word' id='word_1_129' title='bbox 630 1972 691 2022; x_wconf 87' lang='lat' dir='ltr'>luce</span> <span class='ocrx_word' id='word_1_130' title='bbox 704 1969 848 2022; x_wconf 82' lang='lat' dir='ltr'>cathedras</span> 
     </span>
     <span class='ocr_line' id='line_1_22' title="bbox 315 2046 966 2114; baseline -0.003 -17"><span class='ocrx_word' id='word_1_131' title='bbox 315 2046 431 2110; x_wconf 85' lang='lat' dir='ltr'>desidet,</span> <span class='ocrx_word' id='word_1_132' title='bbox 442 2052 524 2114; x_wconf 84' lang='lat' dir='ltr'>atque</span> <span class='ocrx_word' id='word_1_133' title='bbox 535 2047 630 2114; x_wconf 86' lang='lat' dir='ltr'>aliqua</span> <span class='ocrx_word' id='word_1_134' title='bbox 640 2062 748 2113; x_wconf 82' lang='lat' dir='ltr'>semper</span> <span class='ocrx_word' id='word_1_135' title='bbox 757 2047 786 2096; x_wconf 91' lang='lat' dir='ltr'>in</span> <span class='ocrx_word' id='word_1_136' title='bbox 797 2062 862 2097; x_wconf 84' lang='lat' dir='ltr'>aure</span> <span class='ocrx_word' id='word_1_137' title='bbox 873 2050 966 2097; x_wconf 83' lang='lat' dir='ltr'>sonat:</span> 
     </span>
     <span class='ocr_line' id='line_1_23' title="bbox 275 2121 983 2191; baseline -0.007 -17"><span class='ocrx_word' id='word_1_138' title='bbox 275 2122 326 2191; x_wconf 85' lang='lat' dir='ltr'>qui</span> <span class='ocrx_word' id='word_1_139' title='bbox 335 2122 403 2189; x_wconf 79' lang='lat' dir='ltr'>legit</span> <span class='ocrx_word' id='word_1_140' title='bbox 413 2121 477 2173; x_wconf 86' lang='lat' dir='ltr'>hinc</span> <span class='ocrx_word' id='word_1_141' title='bbox 486 2123 564 2173; x_wconf 82' lang='lat' dir='ltr'>illine</span> <span class='ocrx_word' id='word_1_142' title='bbox 573 2123 682 2185; x_wconf 85' lang='lat' dir='ltr'>missas,</span> <span class='ocrx_word' id='word_1_143' title='bbox 694 2123 843 2189; x_wconf 81' lang='lat' dir='ltr'>scribitque</span> <span class='ocrx_word' id='word_1_144' title='bbox 853 2121 983 2173; x_wconf 85' lang='lat' dir='ltr'>tabellas:</span> 
     </span>
     <span class='ocr_line' id='line_1_24' title="bbox 314 2197 773 2265; baseline 0 -18"><span class='ocrx_word' id='word_1_145' title='bbox 314 2197 402 2264; x_wconf 84' lang='lat' dir='ltr'>pallia</span> <span class='ocrx_word' id='word_1_146' title='bbox 411 2198 494 2248; x_wconf 88' lang='lat' dir='ltr'>vicini</span> <span class='ocrx_word' id='word_1_147' title='bbox 506 2198 664 2265; x_wconf 79' lang='lat' dir='ltr'>qui-refugit</span> <span class='ocrx_word' id='word_1_148' title='bbox 674 2199 773 2249; x_wconf 85' lang='lat' dir='ltr'>cubiti:</span> 
     </span>
     <span class='ocr_line' id='line_1_25' title="bbox 275 2272 1020 2341; baseline -0.004 -16"><span class='ocrx_word' id='word_1_149' title='bbox 275 2274 326 2341; x_wconf 88' lang='lat' dir='ltr'>qui</span> <span class='ocrx_word' id='word_1_150' title='bbox 337 2274 398 2337; x_wconf 83' lang='lat' dir='ltr'>seit,</span> <span class='ocrx_word' id='word_1_151' title='bbox 412 2288 493 2340; x_wconf 84' lang='lat' dir='ltr'>quarn</span> <span class='ocrx_word' id='word_1_152' title='bbox 504 2274 565 2340; x_wconf 88' lang='lat' dir='ltr'>quis</span> <span class='ocrx_word' id='word_1_153' title='bbox 577 2280 657 2337; x_wconf 85' lang='lat' dir='ltr'>amet,</span> <span class='ocrx_word' id='word_1_154' title='bbox 669 2276 717 2341; x_wconf 87' lang='lat' dir='ltr'>qui</span> <span class='ocrx_word' id='word_1_155' title='bbox 728 2290 776 2341; x_wconf 79' lang='lat' dir='ltr'>per</span> <span class='ocrx_word' id='word_1_156' title='bbox 787 2274 913 2325; x_wconf 80' lang='lat' dir='ltr'>convivia</span> <span class='ocrx_word' id='word_1_157' title='bbox 923 2272 1020 2323; x_wconf 84' lang='lat' dir='ltr'>currit:</span> 
     </span>
     <span class='ocr_line' id='line_1_26' title="bbox 313 2348 1083 2415; baseline -0.001 -15"><span class='ocrx_word' id='word_1_158' title='bbox 313 2348 425 2415; x_wconf 84' lang='lat' dir='ltr'>Hirpini</span> <span class='ocrx_word' id='word_1_159' title='bbox 435 2353 540 2400; x_wconf 80' lang='lat' dir='ltr'>veteres</span> <span class='ocrx_word' id='word_1_160' title='bbox 550 2350 598 2415; x_wconf 90' lang='lat' dir='ltr'>qui</span> <span class='ocrx_word' id='word_1_161' title='bbox 608 2349 676 2399; x_wconf 83' lang='lat' dir='ltr'>bene</span> <span class='ocrx_word' id='word_1_162' title='bbox 686 2351 765 2401; x_wconf 80' lang='lat' dir='ltr'>novit</span> <span class='ocrx_word' id='word_1_163' title='bbox 775 2365 851 2400; x_wconf 83' lang='lat' dir='ltr'>avos.</span> <span class='ocrx_word' id='word_1_164' title='bbox 1081 2401 1083 2406; x_wconf 76' lang='grc'><em>,</em></span> 
     </span>
     <span class='ocr_line' id='line_1_27' title="bbox 276 2420 1057 2487; baseline -0.005 -11"><span class='ocrx_word' id='word_1_165' title='bbox 276 2424 353 2487; x_wconf 75' lang='lat' dir='ltr'>Quia</span> <span class='ocrx_word' id='word_1_166' title='bbox 362 2422 474 2475; x_wconf 74' lang='lat' dir='ltr'>narrasl</span> <span class='ocrx_word' id='word_1_167' title='bbox 493 2422 607 2487; x_wconf 73' lang='lat' dir='ltr'>honest,</span> <span class='ocrx_word' id='word_1_168' title='bbox 619 2423 672 2475; x_wconf 82' lang='lat' dir='ltr'>hoe</span> <span class='ocrx_word' id='word_1_169' title='bbox 682 2432 725 2476; x_wconf 89' lang='lat' dir='ltr'>est</span> <span class='ocrx_word' id='word_1_170' title='bbox 733 2424 826 2487; x_wconf 77' lang='lat' dir='ltr'>henin,</span> <span class='ocrx_word' id='word_1_171' title='bbox 834 2420 1057 2486; x_wconf 75' lang='lat' dir='ltr'>&#39;Cotile,&#39;bellnsl</span> 
     </span>
     <span class='ocr_line' id='line_1_28' title="bbox 314 2498 923 2566; baseline -0.005 -16"><span class='ocrx_word' id='word_1_172' title='bbox 314 2499 368 2552; x_wconf 76' lang='lat' dir='ltr'>lies</span> <span class='ocrx_word' id='word_1_173' title='bbox 378 2500 550 2566; x_wconf 79' lang='lat' dir='ltr'>praetricasa</span> <span class='ocrx_word' id='word_1_174' title='bbox 559 2506 609 2563; x_wconf 83' lang='lat' dir='ltr'>est,</span> <span class='ocrx_word' id='word_1_175' title='bbox 622 2499 721 2563; x_wconf 74' lang='lat' dir='ltr'>cotila,</span> <span class='ocrx_word' id='word_1_176' title='bbox 732 2500 820 2550; x_wconf 87' lang='lat' dir='ltr'>bellus</span> <span class='ocrx_word' id='word_1_177' title='bbox 831 2498 923 2549; x_wconf 84' lang='lat' dir='ltr'>homo.</span> 
     </span>
    </p>
   </div>
   <div class='ocr_carea' id='block_1_7' title="bbox 526 2587 821 2632">
    <p class='ocr_par' dir='ltr' id='par_1_10' title="bbox 526 2587 821 2632">
     <span class='ocr_line' id='line_1_29' title="bbox 526 2587 821 2632; baseline -0.014 0"><span class='ocrx_word' id='word_1_178' title='bbox 526 2591 564 2632; x_wconf 69' lang='lat' dir='ltr'>al.</span> <span class='ocrx_word' id='word_1_179' title='bbox 586 2588 629 2630; x_wconf 81' lang='lat' dir='ltr'>&#39;Ari</span> <span class='ocrx_word' id='word_1_180' title='bbox 646 2587 821 2629; x_wconf 67' lang='lat' dir='ltr'>canianum.</span> 
     </span>
    </p>
   </div>
   <div class='ocr_carea' id='block_1_8' title="bbox 365 2664 995 2891">
    <p class='ocr_par' dir='ltr' id='par_1_11' title="bbox 365 2664 995 2891">
     <span class='ocr_line' id='line_1_30' title="bbox 370 2664 943 2731; baseline -0.007 -14"><span class='ocrx_word' id='word_1_181' title='bbox 370 2664 480 2719; x_wconf 84' lang='lat' dir='ltr'>Sirenas</span> <span class='ocrx_word' id='word_1_182' title='bbox 490 2665 605 2717; x_wconf 81' lang='lat' dir='ltr'>hilarem</span> <span class='ocrx_word' id='word_1_183' title='bbox 616 2665 804 2731; x_wconf 85' lang='lat' dir='ltr'>navigantium</span> <span class='ocrx_word' id='word_1_184' title='bbox 818 2677 943 2730; x_wconf 81' lang='lat' dir='ltr'>poenam,</span> 
     </span>
     <span class='ocr_line' id='line_1_31' title="bbox 369 2738 995 2808; baseline -0.005 -15"><span class='ocrx_word' id='word_1_185' title='bbox 369 2741 539 2808; x_wconf 84' lang='lat' dir='ltr'>blandasque</span> <span class='ocrx_word' id='word_1_186' title='bbox 549 2746 660 2805; x_wconf 83' lang='lat' dir='ltr'>mortes,</span> <span class='ocrx_word' id='word_1_187' title='bbox 672 2740 858 2808; x_wconf 67' lang='lat' dir='ltr'>gaudiumque</span> <span class='ocrx_word' id='word_1_188' title='bbox 867 2738 995 2803; x_wconf 66' lang='lat' dir='ltr'>amieis,</span> 
     </span>
     <span class='ocr_line' id='line_1_32' title="bbox 365 2817 991 2891; baseline 0.002 -24"><span class='ocrx_word' id='word_1_189' title='bbox 365 2832 434 2884; x_wconf 81' lang='lat' dir='ltr'>qaas</span> <span class='ocrx_word' id='word_1_190' title='bbox 443 2834 526 2873; x_wconf 86' lang='lat' dir='ltr'>nemo</span> <span class='ocrx_word' id='word_1_191' title='bbox 537 2819 683 2891; x_wconf 80' lang='lat' dir='ltr'>quandam</span> <span class='ocrx_word' id='word_1_192' title='bbox 693 2819 848 2875; x_wconf 63' lang='lat' dir='ltr'>deserebat</span> <span class='ocrx_word' id='word_1_193' title='bbox 856 2817 991 2879; x_wconf 61' lang='lat' dir='ltr'>antistas,</span> 
     </span>
    </p>
   </div>
   <div class='ocr_carea' id='block_1_9' title="bbox 349 2890 878 2973">
    <p class='ocr_par' dir='ltr' id='par_1_12' title="bbox 349 2890 878 2973">
     <span class='ocr_line' id='line_1_33' title="bbox 349 2890 878 2973; baseline 0.034 -32"><span class='ocrx_word' id='word_1_194' title='bbox 349 2890 444 2949; x_wconf 73' lang='lat' dir='ltr'>fallar</span> <span class='ocrx_word' id='word_1_195' title='bbox 455 2897 579 2968; x_wconf 77' lang='lat' dir='ltr'>Ulysses</span> <span class='ocrx_word' id='word_1_196' title='bbox 590 2903 703 2962; x_wconf 82' lang='lat' dir='ltr'>dicitur</span> <span class='ocrx_word' id='word_1_197' title='bbox 713 2901 878 2973; x_wconf 61' lang='lat' dir='ltr'>relaxasse</span> 
     </span>
    </p>
   </div>
   <div class='ocr_carea' id='block_1_10' title="bbox 0 0 1383 3450">
    <p class='ocr_par' dir='ltr' id='par_1_13' title="bbox 0 0 1383 3450">
     <span class='ocr_line' id='line_1_34' title="bbox 0 0 1383 3450; baseline 0 0"><span class='ocrx_word' id='word_1_198' title='bbox 0 0 1383 3450; x_wconf 95' lang='lat' dir='ltr'> </span> 
     </span>
    </p>
   </div>
  </div>
 </body>
</html>
