2750 3450
316 351 365 404 344
602 354 815 400 maurianis

640 477 673 515 di.
696 471 778 514 ldern.

315 564 473 618 Succumbit
481 566 569 618 sterili
579 565 679 617 frustm
689 566 793 633 gallina
802 568 917 619 marito:

352 639 422 691 hane
431 642 526 692 matria
537 640 652 707 Cybeles
663 656 722 691 erse
733 641 847 692 decebat
856 657 942 692 avem.
962 657 967 665 ·

621 765 652 804 65.
679 762 794 803 Perdix.

315 855 429 907 Ponitur
437 855 566 906 Ausoniis
576 855 635 906 avia
644 851 712 905 haee
721 856 863 907 rarissima
873 859 988 908 mensis:

352 928 422 981 huno
431 931 459 980 in
470 930 606 980 lautorum
616 929 743 981 mandore
753 944 835 996 saepe
845 931 929 982 noles.

593 1053 627 1094 dd
652 1050 820 1093 columbini

314 1144 354 1198 Ne
365 1145 452 1197 violes
461 1151 568 1196 tenerur
578 1145 688 1211 periuro
702 1145 782 1196 dente
791 1145 942 1207 columbas,

349 1221 452 1271 tradita
462 1220 486 1271 si
497 1219 610 1271 Gnidiae
620 1224 683 1270 sunt
691 1220 741 1270 tibi
752 1235 831 1270 sacru
841 1221 918 1270 deae.

512 1325 546 1366 ot.
570 1322 722 1366 Palumbur
741 1332 900 1377 torquatus.

312 1419 426 1485 Inguina
435 1417 556 1482 torquati
566 1417 677 1468 tardant
687 1415 867 1484 hebetantque
877 1419 1013 1484 palumbis

347 1509 403 1544 non
413 1493 476 1543 edat
485 1489 555 1542 hane
563 1492 711 1556 volucrem,
722 1493 768 1561 qui
778 1494 853 1559 eupit
863 1509 924 1545 erse
934 1495 1020 1545 uniar.

611 1600 644 1639 68.
671 1595 801 1639 diluuia.

312 1687 430 1740 Galbuia
442 1689 576 1757 decipitur
586 1691 699 1742 calamis
710 1697 738 1742 et
746 1691 848 1743 retibus
863 1692 930 1755 ales,

347 1770 436 1831 turget
446 1765 534 1816 adhuc
543 1767 624 1816 viridi
634 1782 693 1816 euni
705 1767 780 1816 rudis
790 1781 843 1816 uva
853 1782 938 1818 mero.

620 1874 653 1912 69.
678 1870 787 1912 Cattae.

310 1962 482 2013 Pannonicas
491 1963 572 2015 nobis
582 1979 718 2030 uunquam
729 1965 805 2015 dedit
815 1964 927 2014 Umbria
939 1970 1027 2016 eattae

346 2038 449 2087 mavult
458 2035 526 2089 haee
535 2040 647 2089 domino
658 2040 763 2089 mittere
775 2039 848 2089 dona
858 2038 975 2089 Pudens.

635 2147 668 2183 td
692 2144 773 2184 Pavo

308 2232 419 2284 Miraris
430 2237 536 2300 quoties
546 2241 710 2302 gemmantes
721 2236 841 2301 explicat
850 2235 918 2298 alas,

346 2313 373 2357 et
382 2321 460 2374 potes
471 2308 541 2361 hunc
551 2327 632 2361 saevo
644 2311 760 2373 tradere,
770 2311 844 2373 dure,
855 2309 942 2361 eoeoi

545 2420 579 2457 ii.
605 2415 857 2469 Piioenicopterur.

309 2508 364 2558 Dat
373 2508 438 2559 mihi
450 2524 537 2575 penna
546 2510 645 2559 rubens
655 2523 766 2560 nomen:
779 2509 826 2559 sed
836 2508 931 2576 lingna
940 2511 1046 2578 gulosis

343 2589 439 2634 nostra
448 2586 529 2650 sapit.
552 2584 623 2644 Quia
634 2586 656 2634 si
668 2584 779 2650 garrula
788 2584 882 2650 lingua
892 2583 982 2636 foreti

585 2694 618 2730 1⁸2.
644 2689 814 2730 Phasianur.

308 2781 406 2847 Argiva
416 2783 530 2847 primuni
541 2799 600 2835 oum
610 2787 796 2848 transportata
809 2782 916 2832 earina;

345 2860 406 2905 anto
416 2855 482 2906 mihi
493 2865 587 2909 notum
596 2858 644 2921 nil,
655 2858 709 2909 nisi
719 2855 825 2920 Phasis,
836 2863 904 2907 erat.
