2750 3450
373 354 376 371 '
425 365 742 413 sn1onnmmsru1u
760 366 913 412 nrn.xru.
969 392 972 396 -
1022 367 1071 417 345

558 489 592 528 ta.
617 485 789 528 Numidicae.

281 581 381 631 ¹insere
392 577 516 630 Romano
528 581 651 646 quamvis
661 586 737 630 satur
747 579 887 629 Hannibal
896 585 979 633 esset:

317 656 377 721 ipse
387 669 451 705 suas
460 669 596 721 nunqnam
607 655 739 705 barbarus
750 654 807 704 edit
817 669 888 704 aves.

595 778 629 817 m.
656 775 752 817 Anser.

280 867 359 919 Haec
368 869 488 919 servavit
497 869 555 919 avis
565 869 679 934 Tarpeii
688 869 791 933 templa
801 869 943 920 Tonantis.

316 941 446 995 Miraris?
463 941 591 996 Nondum
601 943 763 994 feceratilia
775 943 849 994 deus.

593 1068 628 1108 15.
656 1065 752 1107 Grues

280 1157 418 1210 Turbabis
427 1174 529 1222 versus,
540 1155 590 1209 ne'o
600 1146 680 1209 litera
689 1164 750 1209 tota
760 1158 872 1220 volabit,

316 1248 397 1284 unam
407 1234 559 1300 perdideris
569 1235 593 1284 si
603 1233 758 1284 Palamedis
769 1249 853 1283 avem.

566 1342 601 1382 id.
624 1336 783 1381 linitionis.

280 1430 394 1483 Rustica
403 1433 463 1496 sim,
475 1447 509 1482 an
519 1433 624 1498 perdix,
635 1433 700 1499 qnid
711 1432 801 1494 refert,
809 1433 832 1483 si
841 1447 925 1498 sapor
933 1433 1005 1484 idern
1016 1434 1070 1484 esti

317 1505 414 1585 Carior
425 1514 467 1559 est
476 1508 583 1572 perdix:
599 1508 639 1558 sie
650 1508 725 1573 capit
733 1508 783 1557 iila
793 1507 889 1573 magis.

583 1616 618 1653 Π.
643 1611 761 1664 Cygnus.

279 1704 381 1757 Dulcia
392 1704 498 1757 deiecta
506 1705 663 1756 modulatur
673 1705 794 1756 carmina
802 1705 896 1771 lingua

319 1786 445 1833 cantator
454 1796 556 1848 cygnus
568 1780 669 1831 funeris
678 1782 738 1846 ipse
751 1780 802 1830 sui.

534 1889 569 1928 ts.
593 1884 815 1940 Porphyriones.

278 1978 386 2031 Nomen
396 1977 479 2031 habet
487 1979 579 2046 magni
589 1978 707 2029 volucris
717 1983 772 2029 tam
784 1992 869 2043 parva
881 1978 1017 2045 gigantisi

316 2054 354 2105 Et
361 2069 459 2106 nomen
469 2054 577 2105 Prasini
587 2052 786 2120 Porphyrionis
800 2051 889 2103 hahet.

588 2162 622 2202 79.
647 2157 760 2202 Mullus.

281 2253 375 2320 Spirat
384 2254 412 2304 in
423 2254 546 2316 advecto,
557 2254 604 2304 sed
615 2254 670 2303 iam
681 2254 766 2319 piger,
778 2267 896 2318 aequore
905 2253 1011 2303 mullus.

318 2327 498 2395 Langneseit'i
517 2331 607 2379 vivum
617 2329 654 2378 da
663 2343 747 2390 mare,
760 2326 840 2377 fortis
848 2328 908 2377 erit.

576 2437 609 2475 80.
634 2433 775 2475 Muraena.

283 2527 362 2588 Quae
370 2531 449 2577 natat
457 2528 487 2577 in
497 2525 590 2578 Siculo
601 2527 712 2593 grandis
723 2540 852 2576 muraena
861 2524 1007 2591 profundo,

318 2617 374 2653 non
384 2601 457 2653 valet
466 2606 588 2653 exustam
599 2616 720 2667 mergere
731 2600 795 2651 Sole
809 2605 904 2651 entem.
989 2631 992 2635 -

573 2710 606 2749 Sh
630 2706 777 2747 Rhomhun

358 2799 488 2860 Quamvis
498 2800 556 2850 iata
566 2805 644 2867 gerat
652 2799 756 2866 patella
764 2797 919 2851 rhombum:
999 2859 1003 2866 .

356 2872 486 2926 rhombus
497 2875 581 2926 latior
591 2881 732 2926 esttamen
742 2874 852 2942 patella.
