2750 3450
426 333 757 383 -nr1assms1nrus1
785 336 856 383 urs.
886 337 928 383 ιν.
1032 326 1081 385 'm

545 459 581 498 22.
606 455 646 497 lle
665 436 829 510 Gleepstra.

291 547 400 600 Primos
409 563 492 615 passa
500 556 586 611 toros,
597 555 624 599 et
634 546 722 599 adhuc
732 549 867 614 placanda
876 549 985 612 marito,

326 616 460 675 inarserat
469 624 498 673 in
507 624 610 674 nitidos
620 639 649 674 se
660 622 806 688 Cleopatra
814 623 900 687 lacus,

293 698 357 749 dum
367 695 439 764 fugit
449 698 601 765 amplexus:
616 697 664 748 sed
674 698 798 763 prodidit
806 700 880 749 unda
889 699 1031 759 latentem3

329 772 446 835 lucebat,
455 773 523 823 totis
534 787 593 822 cum
602 777 739 839 tegeretur
749 773 836 838 aquis.

292 846 413 898 Condita
421 848 462 897 sic
470 862 539 912 puro
549 852 724 898 numerantur
733 846 794 896 lilia
803 848 888 898 vitro:

330 922 371 972 sic
380 919 507 986 prohihet
515 927 623 972 teneras
633 935 740 988 gemma
747 921 833 971 latere
842 936 930 972 rosas.

290 995 398 1058 Insilui,
408 1010 564 1062 mersusque
574 996 653 1046 vadis
662 996 797 1046 luctantia
807 997 898 1061 carpsi

329 1070 423 1121 basia:
438 1071 597 1137 perspicuae
607 1070 670 1137 plns
678 1071 804 1123 vetuistis
815 1084 911 1136 aquae.

448 1203 484 1241 23.
507 1199 547 1241 Aul
566 1198 708 1248 Thaliam,
728 1199 760 1241 ‹le
778 1196 925 1240 Brutiano.

384 1292 456 1344 Dum
465 1293 579 1344 tulenta
588 1295 678 1357 nimis,
693 1293 793 1359 diuque
804 1293 922 1358 qnaeris,
961 1324 965 1332 ·

385 1369 445 1435 quis
456 1368 557 1433 primus
568 1369 627 1431 tibi,
638 1368 732 1435 quisve
743 1368 780 1418 sit
789 1368 935 1429 secundum

385 1441 498 1493 Graium
509 1443 602 1509 quisve
612 1443 780 1509 epigramma
791 1442 972 1507 comparabit:

383 1517 502 1584 palmam
513 1515 704 1579 Callimachus,
715 1514 824 1578 Thalia,
835 1516 868 1566 (le
879 1531 908 1566 se

384 1590 502 1643 facundo
514 1591 589 1643 dedit
598 1593 657 1658 ipse
667 1590 810 1655 Brntiano.

386 1665 440 1727 Qui
450 1667 475 1716 si
485 1666 618 1734 Cecropio
630 1673 706 1716 satur
714 1665 816 1731 lepore,

334 1762 338 1769 ·
383 1740 523 1793 Romanae
534 1743 591 1792 sale
601 1741 698 1791 luserit
707 1738 859 1790 Minervae:

384 1817 429 1867 illi
438 1830 480 1867 me
490 1815 587 1881 iacias,
596 1830 703 1884 precor,
712 1814 867 1866 seeundum.

457 1951 490 1990 24.
515 1946 556 1988 De
573 1944 687 1998 Lyconi,
707 1945 740 1986 acl
759 1943 920 1985 Fabianum.

293 2039 403 2102 Omnes,
413 2054 481 2105 quas
490 2038 594 2103 habuit,
605 2039 735 2101 Fabiana
749 2037 867 2105 Lycoris
877 2038 979 2089 amicas

332 2114 441 2177 extulit3
455 2117 536 2167 uxori
546 2116 595 2165 fiat
605 2115 694 2165 amica
703 2129 788 2165 meae.

404 2240 438 2279 25.
462 2238 502 2280 De
519 2235 659 2279 litoribus
676 2235 769 2278 Altini
787 2240 815 2279 st
832 2234 973 2289 Aquileia.

291 2311 812 2393 nemuasasanrimmintoramns

332 2410 360 2456 et
369 2403 549 2456 Phaethontei
560 2407 670 2455 conseia
680 2406 751 2455 silva
760 2406 834 2470 rogi3

293 2494 418 2547 quaeque
428 2480 581 2529 Antenoreo
591 2478 733 2545 Dryadum
743 2477 925 2544 pulcherrima
933 2477 1029 2530 Fauno

332 2555 425 2619 nupsit
434 2553 469 2604 atl
479 2554 625 2620 Euganeos
634 2554 696 2604 sola
708 2553 801 2619 puella
809 2553 898 2603 lacus:

293 2634 323 2680 et
331 2634 363 2679 tu
371 2627 482 2679 Ledaeo
492 2627 559 2679 felix
567 2628 694 2693 Aquileia
704 2629 830 2690 Timavo,

331 2702 378 2754 hic
386 2703 434 2754 ubi
443 2708 569 2769 septenas
580 2702 706 2768 Cyllarus
716 2701 810 2753 hausit
819 2715 924 2770 aquam

292 2793 345 2830 ros
353 2779 659 2848 esitls'nnstraeportns
668 2781 844 2852 requiesque
851 2781 1002 2837 senenses

314 2852 343 2900 si
349 2853 420 2905 iuris
429 2853 538 2911 fuerint
548 2859 613 2914 otia
622 2866 727 2917 nostra
738 2861 798 2917 sul·
