2750 3450
439 384 755 435 Euluuuusmuwm
781 387 848 434 Llll.
868 386 913 434 Xl.

550 507 583 547 10.
608 504 647 545 au
668 502 801 550 lectores.

283 570 337 632 uui
347 572 438 638 gravis
449 587 478 622 es
487 570 609 635 nimium,
620 576 699 637 potes
709 569 773 623 hinc
781 573 845 637 iam,
855 573 951 640 lector,
963 590 971 624 a

320 660 374 712 quo
385 646 464 697 libet:
478 645 600 710 urbanae
610 647 769 713 scripsimus
778 648 833 699 ista
842 653 933 715 togae.

281 719 351 772 Nam
362 735 423 770 urea
433 720 598 785 Lampsacio
608 719 719 773 lascivit
731 722 832 789 pagina
842 736 929 786 vemas,

319 801 347 846 et
356 795 532 846 Tartessiaca
542 801 690 861 concrepat
700 810 765 846 aera
775 811 865 849 manu.

282 869 306 920 0
317 870 424 936 quoties
433 869 525 936 rigida
534 869 657 936 pulsabis
669 869 756 936 pallia
764 885 842 934 vena,

319 945 358 995 sis
367 945 479 1011 granos
489 943 572 996 Curio
582 942 766 1013 Fabricioque
775 943 851 997 licet!

282 1020 325 1070 Tu
336 1033 443 1085 quoque
453 1018 591 1087 nequitias
601 1018 688 1069 nostri
699 1018 828 1087 lususque
838 1019 934 1085 libelli,

318 1093 374 1144 uda
383 1091 483 1160 puella,
493 1092 576 1160 leges,
586 1093 625 1144 sis
634 1092 770 1147 Patavina
778 1093 851 1147 licet.

282 1167 406 1231 Erubuit,
417 1167 562 1234 posuitque
571 1182 659 1218 meum
670 1166 800 1220 Lucretia
809 1168 922 1232 librum3

319 1244 366 1294 sed
377 1258 469 1294 coram
478 1241 574 1293 Bruto.
602 1241 695 1306 Brute,
706 1243 811 1307 recede,
821 1243 901 1312 leget.

545 1333 579 1373 11.
604 1330 645 1372 Ad
664 1328 805 1374 Sabinum.

281 1399 344 1452 Non
356 1400 443 1451 omnis
452 1399 541 1450 nostri
550 1404 684 1450 nocturna
693 1407 735 1451 est
744 1400 845 1467 pagiua
855 1401 933 1452 librlc

317 1475 438 1527 invenies
448 1479 475 1525 et
484 1475 558 1541 quod
568 1489 656 1537 mane,
667 1472 777 1537 Sabine,
788 1473 872 1542 legas.

568 1564 601 1604 lb.
623 1560 656 1603 11
676 1563 787 1616 Lupum.

373 1629 500 1691 Donasti,
510 1627 597 1695 Lupe,
606 1643 653 1678 rus
663 1628 713 1678 sub
724 1628 789 1678 arbe
799 1628 894 1679 nobis:

373 1696 477 1756 sed'rsss
488 1709 530 1756 ast
538 1699 607 1753 milii
616 1703 706 1754 maius
715 1704 743 1754 in
754 1701 882 1754 fenestra

373 1778 429 1829 Rus
439 1777 493 1830 hoc
501 1780 601 1841 dicere,
611 1794 658 1829 rus
668 1784 747 1844 potes
757 1792 865 1840 vocare,

371 1855 401 1906 in
411 1868 465 1920 quo
479 1860 542 1904 ruta
551 1851 620 1903 facit
628 1867 721 1906 nemus
731 1852 848 1916 Dianae,

373 1934 486 1996 argutae
496 1928 565 1996 tegit
575 1927 621 1977 ala
631 1927 704 1993 quod
714 1926 836 1989 cicadae,

373 2003 447 2071 quod
457 2002 574 2056 formica
583 2002 628 2057 die
639 2003 759 2053 comedit
768 2017 831 2065 uno,

373 2078 483 2130 clausae
494 2079 538 2129 cui
548 2076 645 2128 lolium
655 2092 736 2128 rosae
746 2090 850 2129 corona
858 2080 913 2130 ests
924 2119 932 2148 ,

371 2153 401 2203 iu
411 2167 465 2219 quo
475 2168 530 2204 uon
540 2152 627 2218 magis
636 2152 773 2202 inveniunt
782 2148 875 2215 herba,

373 2242 455 2294 quam
466 2227 537 2279 costi
546 2226 653 2288 lolium,
663 2226 774 2294 piperve
784 2226 910 2277 crudnmt

371 2302 402 2353 in
412 2316 466 2369 quo
476 2316 526 2354 nac
536 2301 656 2352 cucumis
665 2302 756 2356 iacere
765 2306 864 2363 rectus,

372 2391 423 2428 nac
432 2390 542 2442 serpens
552 2373 677 2426 habitare
686 2381 747 2426 tota
757 2372 861 2440 possiti

372 2450 490 2503 Emeum
499 2449 571 2502 male
581 2450 671 2516 pascit
680 2446 777 2502 hortus
785 2463 881 2511 nuam3

374 2530 516 2580 consumto
526 2524 642 2576 moritur
652 2523 731 2576 culex
741 2522 855 2586 salicto;

372 2606 400 2652 et
407 2599 485 2666 talpa
494 2606 537 2651 est
545 2596 612 2650 mibi
622 2596 715 2652 iussos·
724 2602 805 2664 atqua
815 2602 917 2652 arctoa

371 2673 435 2728 Non
443 2673 552 2727 boletus
561 2671 647 2737 hiare,
657 2686 713 2726 uon
723 2672 857 2726 mariscae

372 2749 471 2813 ridere,
482 2754 531 2801 aut
539 2747 630 2800 violac
640 2752 734 2814 patere
742 2752 866 2815 possunt.

372 2824 454 2877 Fines
463 2839 524 2876 mus
532 2822 690 2892 populatur,
700 2827 728 2876 et
739 2821 839 2878 colono

371 2903 502 2969 tanquam
511 2913 558 2954 sus
569 2896 741 2968 Calydonius
749 2898 875 2959 timetur,
