2750 3450
650 330 865 378 Maurrffls

555 453 589 492 28.
613 449 797 505 Epitaphium
815 448 964 521 Glauciae.

475 543 601 595 Libertus
611 541 736 592 Melioris
745 543 793 592 ille
806 547 897 604 notus,

474 624 534 669 tota
546 619 591 683 qui
605 616 704 667 cecidit
713 617 822 666 dolente
835 615 933 680 Roma,

476 693 533 742 cari
544 692 659 742 deliciae
667 691 762 741 breves
772 691 891 756 patroni,

475 764 529 828 hoc
538 767 587 816 sub
598 780 733 815 marmore
744 764 873 815 Glaucias
884 763 1017 817 humatus

385 868 389 876 ·
438 873 442 879 -
475 841 568 891 iuncto
578 840 730 890 Flaminiae
739 841 812 889 iacet
821 839 964 904 sepulcro:

477 922 566 965 castus
576 915 706 976 moribus,
716 915 846 964 innocens
855 913 974 979 pudore,

476 990 557 1040 velox
567 989 686 1056 ingenio,
697 988 795 1039 decore
804 987 880 1038 felix.

475 1064 524 1114 Bis
534 1065 606 1114 senis
616 1064 698 1114 modo
708 1063 841 1112 messibus
851 1063 974 1128 peractis

476 1140 523 1189 vix
532 1153 612 1188 unum
622 1153 689 1203 puer
699 1137 857 1203 applicabat
866 1151 978 1187 annum.

370 1210 390 1221 ''
402 1206 423 1241 '¹‘
478 1211 532 1272 aui
541 1212 588 1263 llcs
598 1212 676 1275 talia,
688 1212 729 1262 nil
738 1210 813 1274 deas,
825 1212 925 1262 viator:

651 1320 685 1360 29.
709 1316 748 1358 Dc
767 1316 869 1359 eodem.

367 1409 428 1460 Non
439 1410 471 1460 de
482 1409 560 1475 plebe
573 1410 677 1474 domus,
687 1426 738 1461 nec
748 1425 846 1460 avarac
859 1424 944 1460 verna
954 1416 1068 1463 catasta

403 1485 450 1534 sed
461 1484 564 1535 domini
576 1493 670 1537 sancto
682 1486 780 1552 diguus
790 1500 882 1535 amore
892 1500 970 1550 puer,

367 1574 477 1610 munera
488 1575 546 1609 cum
557 1566 650 1625 posset
658 1560 779 1610 nondum
789 1559 889 1610 sentire
899 1561 1024 1625 patroni,

405 1631 521 1684 Glaucia
530 1635 643 1685 libertus
652 1636 709 1685 iam
717 1633 843 1685 Melioris
854 1639 920 1683 crat.

366 1707 490 1760 Moribus
500 1708 553 1761 hoc
562 1708 720 1777 formaeque
734 1709 835 1761 datum.
857 1708 925 1769 Quis
935 1708 1068 1763 blandior

403 1790 450 1834 aut
460 1785 520 1850 quis
529 1786 673 1850 Apollinco
684 1783 824 1852 pulchrior
834 1799 881 1835 ore
891 1782 961 1834 fuitt

366 1858 522 1910 immodicis
532 1860 622 1911 brevis
632 1866 673 1911 est
683 1865 768 1922 aetas,
779 1866 806 1910 et
814 1874 877 1910 rara
889 1867 1026 1910 senectus.

405 1933 543 2001 Quidquid
554 1950 639 1997 arnas,
654 1936 748 2001 cupias
758 1950 813 1984 non
825 1934 963 1999 placuisse
972 1937 1067 1987 nimis.

643 2043 676 2080 30.
702 2039 733 2079 ln
753 2039 876 2080 Paetum.

458 2130 512 2182 Sex
522 2135 647 2183 sestertia
657 2135 681 2182 si
692 2134 785 2182 statim
796 2133 926 2195 dedisses,

401 2222 407 2232 *
458 2222 517 2256 cum
528 2207 597 2257 dixti
606 2207 682 2269 mihi,
694 2206 784 2270 Sume,
795 2207 870 2269 tolle,
881 2206 969 2257 dono:

459 2281 583 2333 deberem
593 2283 653 2344 tibi,
664 2282 756 2344 Pacte,
767 2297 817 2348 pro
828 2281 961 2332 ducentis.

378 2351 381 2359 '
457 2357 492 2405 At
502 2372 571 2407 mum
582 2373 641 2407 cnm
652 2357 760 2407 dederis
770 2357 817 2406 diu
827 2362 960 2419 moratus,
1027 2357 1032 2375 '

457 2439 520 2495 post
530 2438 631 2497 septem
641 2437 707 2497 puto
718 2431 760 2482 vel
770 2447 867 2483 novem
877 2430 1030 2492 Kalendas,

459 2505 500 2554 vis
511 2505 599 2555 dicam
609 2506 660 2555 tibi
669 2507 779 2556 veriora
788 2504 876 2556 verisl

459 2577 513 2631 Sex
522 2581 656 2643 sestertia,
666 2580 758 2643 Paete,
768 2580 922 2646 perdidisti.

606 2689 640 2727 31.
664 2684 696 2725 ln
715 2683 916 2728 Charidemum.

361 2766 489 2833 Uxorem,
502 2766 675 2834 Ghnrideme,
684 2774 761 2820 tuam
770 2767 826 2818 scis
832 2766 893 2831 ipse
901 2764 1023 2833 sinisque

386 2860 405 2895 a
416 2846 530 2902 medico
541 2847 629 2903 futui.
658 2846 713 2901 vis
724 2845 784 2898 siue
793 2840 871 2893 lebre
878 2837 962 2889 morl.
