2750 3450
424 348 749 399 arianimirum
765 353 834 399 ΗΒ.
851 353 918 399 Vlll.
1018 352 1068 402 2⁰1

275 472 329 527 llic
337 472 449 527 haurire
459 473 538 526 decet
547 489 663 538 sacrum,
675 473 844 540 Germanice,
854 481 956 540 nectar,

311 553 339 601 et
350 548 528 615 Ganymedea
537 548 638 616 pocula
646 550 733 600 mixta
741 566 831 601 manu.

274 623 343 676 Esse
352 624 430 686 velis,
444 639 503 686 oro,
514 638 590 674 serus
601 625 717 675 conviva
728 625 870 676 Tonantis.

310 698 346 750 At
354 703 386 750 tu
395 699 420 750 si
429 712 569 764 properas,
581 698 710 765 luppiter,
720 699 779 766 ipse
789 699 859 750 veni.

540 805 575 845 40.
598 802 639 844 ao
657 803 800 859 Priapum.

385 893 448 947 Nou
457 892 532 948 horti
541 910 628 962 neque
638 897 761 963 palmitis
771 897 855 959 beati,

385 969 434 1022 sed
443 971 499 1022 rari
509 971 637 1034 nemoris,
648 970 756 1038 Priape,
768 976 869 1034 custos,

387 1059 421 1095 ex
431 1060 485 1112 quo
495 1051 576 1096 natus
588 1059 626 1108 es,
638 1052 665 1097 et
675 1054 753 1112 potes
763 1045 880 1108 renasci,

384 1117 501 1182 furaces,
510 1134 620 1182 moneo,
629 1136 726 1171 munus
736 1120 863 1186 repellas,

386 1199 414 1245 et
422 1195 519 1245 silvam
530 1194 634 1245 domini
644 1194 715 1246 locis
725 1210 856 1248 reserves.

386 1265 417 1319 Si
426 1267 557 1320 defecerit
566 1267 642 1332 haee,
653 1271 749 1336 etipse
759 1270 909 1337 liguumes.

525 1377 560 1415 41.
584 1374 623 1416 Asl
643 1374 817 1417 Faustinum.

274 1467 377 1520 Tristis
389 1465 576 1534 Athenagoras
586 1483 642 1519 nou
652 1468 728 1519 misit
737 1484 849 1520 munere
858 1468 948 1532 nobis,

312 1556 384 1609 quae
394 1542 485 1593 medlo
495 1543 606 1593 brumae
616 1543 724 1594 mittere
735 1558 825 1609 mense
835 1543 914 1594 solet

273 1618 314 1667 Au
326 1618 364 1668 sit
372 1614 560 1684 Athenagoras
569 1618 666 1679 tristis,
677 1616 816 1680 Faustine,
826 1618 939 1669 videbo:

311 1707 355 1743 me
366 1697 438 1743 certe
446 1692 550 1742 tristem
562 1690 628 1743 lecit
637 1691 834 1760 Athenagoras.

530 1799 566 1838 42.
591 1797 630 1839 Ad
649 1796 815 1840 Mathonem.

388 1886 455 1939 site
465 1890 589 1955 sportula
598 1892 688 1942 maior
699 1891 734 1941 ad
742 1890 840 1941 beatos

388 1979 443 2015 non
454 1966 614 2031 corruperit,
624 1971 654 2017 ut
663 1966 747 2017 solet:
767 1964 862 2016 licebit

286 2083 292 2097 ,
388 2038 421 2089 de
431 2043 536 2101 nostro,
549 2038 655 2103 Matho,
670 2041 772 2091 centies
782 2040 891 2091 laveris.
949 2055 958 2073 ·

439 2145 473 2183 43.
492 2142 523 2184 1η
540 2144 654 2187 Fabium
669 2150 697 2188 et
714 2143 906 2187 Chrestillsm.

274 2226 365 2278 Effert
374 2241 474 2277 uxores
484 2227 596 2291 Fabius,
608 2229 755 2281 Chrestilla
766 2229 888 2291 maritos,

312 2301 508 2367 funereamque
518 2304 588 2353 toris
599 2310 712 2370 quassat
722 2310 834 2370 uterque
843 2304 940 2354 lacem.

273 2371 404 2427 Victores
415 2378 562 2441 committe,
572 2376 677 2429 Venus:
695 2394 764 2445 quos
772 2378 826 2429 iste
836 2378 956 2428 manebit

313 2451 412 2513 exitus,
422 2465 477 2501 unu
487 2451 556 2503 duos
566 2458 597 2503 ut
607 2452 731 2504 Libitina
741 2453 820 2502 ferat.

540 2560 576 2599 44.
599 2557 639 2598 Ao
657 2553 805 2599 Tltrrllunr.

331 2631 444 2694 Titulle,
454 2647 562 2696 moneo,
571 2633 632 2684 vive
643 2648 761 2699 semper3
776 2627 932 2682 hoc'serunr
943 2639 997 2683 est:

331 2706 382 2757 sub
392 2705 554 2774 paedagogo
566 2708 690 2774 coeperis
700 2707 772 2769 licet,
783 2721 871 2757 serum
882 2712 931 2757 est.

331 2780 415 2844 Attu,
425 2780 508 2832 miser
518 2782 630 2845 Titulle,
640 2797 690 2833 nec
700 2796 783 2832 senex
792 2780 876 2832 vivis:

330 2854 381 2907 sed
392 2869 471 2907 onrue
480 2854 564 2907 limen
573 2856 692 2908 conteris
701 2856 845 2920 salutator,
