2750 3450
315 381 366 432 Μ
606 382 820 430 maurinus

315 505 416 557 Audiat
426 504 525 556 aedilis
534 520 568 555 ne
577 510 605 557 te
614 506 770 573 videatque,
780 511 891 558 caveto:

353 586 508 647 portentum
518 586 568 642 est,
581 582 690 647 quoties
700 581 793 648 coepit
800 582 894 649 imago
906 581 995 648 loqui.

549 688 598 728 m.
620 684 661 727 Aa
681 683 879 741 Sophronia..

317 779 408 828 Tanta
417 778 469 829 tibi
478 787 521 830 est
530 779 614 830 animi
624 779 750 846 probitas
760 781 880 846 orisque,
890 778 1040 848 Sophroni,

354 858 385 904 ut
394 855 478 905 mirer
486 854 546 905 fieri
554 860 582 904 te
592 854 716 921 potuisse
725 860 840 920 patrem.

592 962 639 1001 104.
663 955 696 999 Ιι
713 971 836 1001 uxoren.

317 1053 403 1117 Uxor,
412 1053 482 1105 vade
491 1050 579 1115 foras,
589 1058 637 1103 out
645 1052 769 1104 moribus
777 1058 854 1105 utere
862 1054 983 1106 nostrisa

354 1143 410 1180 non
421 1143 472 1195 ego
483 1144 542 1179 sum
553 1126 661 1190 Curius,
670 1142 726 1178 non
735 1127 836 1191 Numa,
844 1143 901 1180 uon
911 1129 1022 1182 Tatius.

317 1203 363 1254 Me
372 1203 492 1254 iucunda
500 1204 596 1253 iuvant
604 1206 710 1253 tractem
720 1217 769 1269 per
778 1202 879 1269 poeula
887 1211 999 1256 noctes:

353 1285 384 1329 tu
392 1292 525 1343 properas
535 1282 602 1343 pota
611 1292 722 1344 surgere
733 1277 821 1328 tristis
830 1293 911 1344 aqua.

318 1355 361 1404 Tu
370 1352 489 1403 tenebris
499 1352 617 1419 gaudes:
631 1367 674 1402 roe
683 1351 777 1403 ludere
786 1357 855 1404 teste
865 1353 989 1418 lucerna,

357 1434 384 1478 et
393 1429 471 1478 iuvat
481 1427 603 1477 admissa
611 1441 737 1492 rumpere
746 1425 807 1478 luce
816 1427 898 1478 latura

317 1503 417 1553 Fascia
426 1508 453 1552 te
462 1502 625 1568 tunicaeque
638 1501 808 1568 obscuraque
819 1503 905 1569 pallia
920 1504 1027 1558 celant:

356 1575 462 1627 etmihi
469 1576 547 1627 nulla
556 1577 625 1627 satis
634 1575 709 1627 nuda
720 1576 811 1642 puella
821 1578 903 1629 iacet

316 1653 402 1703 Basia
411 1666 454 1702 me
464 1652 576 1717 capiunt
583 1650 702 1703 blandas
711 1652 821 1703 imitata
831 1653 989 1706 columbast

353 1733 384 1779 tu
393 1726 461 1779 mibi
471 1727 531 1790 ἆυ,
541 1729 620 1779 aviae
630 1727 726 1794 qualia
735 1743 815 1779 mane
823 1729 912 1780 soles:

317 1819 367 1855 nec
380 1809 457 1855 motu
467 1803 591 1871 dignaris
600 1817 679 1869 opus,
693 1818 744 1854 nec
752 1819 821 1855 voce
830 1804 937 1866 iuvare,

354 1894 404 1930 nec
414 1878 518 1946 digitis,
531 1884 662 1944 tanquam
672 1885 735 1929 tura
744 1894 901 1945 merumque
912 1894 1006 1946 pares.

318 1952 561 2004 Masturbabantur
571 1951 687 2020 Phrygii
698 1959 762 2020 post
772 1956 844 2005 ostia
853 1955 937 2016 servi,

356 2027 494 2080 Hectoreo
505 2030 613 2094 quoties
623 2028 733 2079 sederat
741 2043 813 2080 uxor
823 2044 902 2095 equo.

317 2102 352 2153 Bt
362 2103 486 2170 quamvis
496 2101 590 2156 itbaeo
603 2108 743 2166 stertente,
752 2105 854 2170 pudiea
862 2104 974 2155 solebat

352 2178 412 2228 illic
421 2177 558 2245 Penelope
567 2194 673 2244 semper
682 2176 784 2230 babere
793 2195 912 2230 manum.

316 2252 466 2304 Paedicare
475 2268 573 2321 negas:
589 2253 675 2305 dabat
683 2252 738 2305 hoc
748 2254 876 2305 Cornelia
886 2253 1030 2321 Graccho,

353 2327 424 2379 iulia
433 2327 576 2394 Pompeio,
584 2327 696 2386 Porcia.
704 2328 799 2393 Brute,
808 2329 869 2381 tibi.

317 2403 419 2455 Dulcia
428 2404 572 2455 Dardanio
582 2404 703 2456 nondum
713 2406 844 2457 miscente
853 2404 984 2458 ministro

354 2480 463 2544 pocula,
474 2477 541 2530 luno
551 2478 604 2530 fuit
613 2495 664 2546 pro
676 2478 836 2547 Ganymede
845 2479 915 2531 lovi.

318 2553 347 2603 si
356 2559 384 2603 te
393 2554 512 2605 delectat
521 2555 651 2621 gravitas,
661 2553 793 2607 Lucretia
800 2560 862 2607 toto

354 2630 392 2679 sis
402 2629 468 2679 licet
477 2644 561 2695 usque
571 2630 630 2681 die:
644 2629 736 2682 Laida
745 2636 826 2683 noete
835 2629 909 2682 volo.

571 2739 618 2778 1⁰5.
642 2734 682 2776 Aa
702 2735 855 2779 Gtrrieum.

303 2831 446 2887 Mittebas
458 2832 576 2887 librum:
591 2828 1024 2901 quebrantemsmruoemiens.

338 2908 458 2968 Saltem
468 2914 637 2977 semissem,
645 2908 781 2970 aaron,
787 2897 952 2956 sonemus.
