2750 3450
308 380 361 436 234
533 393 537 401 ’
600 381 812 430 mannonis

309 506 449 577 pulchrior
458 512 489 557 ut
497 511 592 557 nostro
602 505 714 557 videare
725 520 828 557 corona
838 504 954 571 Sabino,

347 580 563 634 deNonsentano
573 585 600 631 te
610 586 686 647 putet
696 596 755 631 esse
765 596 834 632 meo.

506 672 539 711 ⁶2.
564 666 604 709 De
624 667 741 722 platano
762 668 903 710 Caesaris.

309 735 339 787 in
350 735 533 786 Tartessiacis
543 734 640 785 domus
651 737 693 782 est
701 732 845 783 notissima
853 735 945 797 terris,

347 825 402 877 qna
413 810 488 860 dives
498 809 636 876 placidum
648 805 776 857 Corduba
785 806 883 858 Baetin
895 815 983 869 amat;

309 885 412 936 vellera
420 884 514 935 nativo
525 883 628 950 pallent
639 880 687 932 ubi
696 880 767 932 flava
777 882 900 944 metallo,

346 965 374 1010 et
383 959 445 1009 linit
454 958 617 1024 Hesperium
626 956 738 1006 bractea
747 957 810 1007 viva
820 971 916 1022 pecus:

309 1034 424 1085 aedibus
433 1034 462 1083 in
472 1033 569 1083 mediis
579 1037 654 1083 totos
665 1031 791 1097 amplexa
801 1030 917 1082 Penates

310 1117 316 1130 ·
347 1114 403 1160 stat
412 1107 539 1174 platanus
550 1106 641 1157 densis
652 1104 819 1157 Caesariana
829 1107 929 1157 comis:

308 1179 426 1249 hospitis
435 1182 532 1233 invicti
541 1181 633 1247 posuit
643 1195 724 1246 quam
735 1179 848 1230 dextera
857 1179 936 1244 felix,

347 1257 439 1322 coepit
448 1262 475 1307 et
484 1271 517 1306 ex
527 1255 577 1305 illa
587 1270 708 1305 crescere
717 1255 795 1322 virge
807 1270 899 1305 mann.

308 1331 451 1387 Auctorem
464 1330 655 1394 dominumque
665 1340 759 1379 nemus
769 1330 869 1380 sentire
878 1328 1001 1382 videtur:

346 1405 388 1456 sic
396 1405 474 1467 viret,
485 1410 513 1454 et
520 1404 604 1454 ramis
614 1403 706 1455 sidera
716 1403 790 1454 celsa
802 1404 880 1471 petit.

311 1478 397 1545 Saepe
408 1479 458 1529 sub
468 1477 521 1528 hac
530 1478 634 1528 madidi
644 1477 767 1528 lusenmt
776 1479 874 1530 arbore
883 1477 984 1542 Fauni,

347 1555 444 1605 terruit
454 1561 480 1604 et
490 1553 602 1604 tacitam
614 1552 706 1604 fistula
715 1567 778 1603 sera
787 1552 911 1603 domum:

310 1629 427 1696 dumque
437 1627 509 1696 fugit
517 1627 593 1681 solos
603 1633 764 1679 nocturnum
775 1626 851 1677 Pana
860 1642 910 1694 per
920 1642 1015 1696 agros,

346 1719 428 1771 saepe
439 1704 488 1756 snb
499 1702 551 1755 hae
560 1703 642 1754 latuit
649 1702 754 1754 rustica
763 1700 861 1754 fronde
870 1701 975 1770 Dryas.

309 1781 395 1847 Atque
407 1779 498 1830 oluere
508 1779 580 1829 lares
591 1779 770 1829 comissatore
780 1776 886 1844 Lyaeo,

347 1854 431 1905 crevit
441 1861 467 1904 et
477 1852 565 1903 effuso
576 1852 676 1903 laetior
686 1853 782 1903 iinibra
791 1867 881 1903 mero:

308 1927 494 1994 hesternisqne
504 1927 603 1979 rubens
614 1928 721 1978 deiecta
731 1933 772 1977 est
781 1925 866 1977 herba
878 1929 1002 1986 coronis.

347 2010 428 2069 atque
439 2018 502 2052 suas
513 2002 604 2068 potuit
614 2002 705 2052 dicere
715 2016 794 2052 nemo
804 2016 892 2052 rosas.
940 2046 942 2052 .

310 2077 333 2128 0
344 2077 445 2128 dilecta
455 2076 522 2138 deis,
533 2091 550 2126 o
561 2076 653 2143 magni
664 2075 791 2127 Caesaris
801 2076 893 2139 arbor,

345 2166 379 2202 ne
389 2157 495 2201 metuas
505 2149 604 2200 ferrum
616 2151 818 2217 sacrilegosque
828 2150 917 2202 focos.

308 2225 459 2292 Perpetuos
470 2239 580 2291 sperare
590 2225 654 2276 licet
663 2227 715 2275 tibi
725 2224 831 2277 frondis
842 2222 963 2277 honores
970 2242 982 2276 :-

344 2316 399 2353 non
410 2299 595 2365 Pompeianae
604 2304 631 2350 te
641 2314 758 2365 posuere
766 2316 871 2350 cianus.

573 2390 607 2429 iii·
633 2387 672 2429 De
691 2385 834 2429 Philaeni.

399 2452 506 2504 Tinctis
517 2452 619 2504 murice
628 2452 749 2503 vestibus
760 2451 834 2518 quod
846 2452 921 2503 omni

400 2534 427 2579 ct
437 2532 517 2578 nocte
527 2528 613 2577 utitur
623 2532 650 2577 et
660 2527 704 2577 die
714 2525 862 2588 Philaenis,

399 2617 453 2653 non
466 2608 507 2652 est
517 2601 674 2665 ambitiosa,
684 2617 735 2652 nec
749 2600 878 2667 superba:

401 2675 552 2726 delectatur
562 2676 656 2739 odore,
666 2692 722 2726 non
733 2675 835 2727 colore.

576 2760 610 2799 ol.
635 2757 666 2799 ln
684 2756 833 2800 Phoebum.

310 2820 349 2870 Ad
361 2834 472 2870 coenam
483 2821 601 2871 invitant
612 2837 705 2873 omues
714 2827 749 2884 te,
760 2820 878 2884 Phoebe,
890 2821 1011 2875 cinaedi.

340 2892 467 2947 Mentrde
478 2909 557 2965 quem
568 2896 667 2965 pascit,
677 2911 732 2948 uon
742 2901 808 2964 puto
819 2911 902 2963 purus
912 2893 999 2951 homo
1010 2914 1020 2951 a
