2750 3450
432 411 747 461 EPIGRAMMATUM
774 411 844 458 Llll.
870 410 916 458 Xl.
1027 409 1076 460 293

275 534 417 605 Amphora
426 552 498 589 nunc
508 537 610 603 petitur
619 536 692 604 nigri
703 536 814 587 cariosa
823 534 943 601 Falerni,

315 613 409 680 expiet
417 618 448 663 ut
457 627 569 664 somnos
579 612 692 678 garrula
702 626 770 678 saga
779 617 851 662 tuos.

275 687 355 740 Nunc
364 693 395 739 ut
403 702 490 739 emam
500 687 664 754 grandemve
674 686 930 752 lupum,mullumva
939 685 1077 750 bilibrem,

312 763 416 815 indixit
426 776 540 814 coenam
552 762 628 813 dives
640 762 730 812 amica
739 761 800 812 tibi.

276 838 319 891 Sit
328 839 427 905 pudor,
437 842 465 889 ct
474 836 584 887 tandem
595 837 654 888 veri
664 843 815 902 respectus,
825 841 853 887 et
863 836 952 902 aequi.

312 913 361 966 Nil
370 914 432 978 tibi,
442 911 544 979 Phylli,
555 926 640 979 nego:
655 911 695 962 nil
706 909 782 976 mihi,
795 909 898 978 Phylli,
908 926 987 979 nega.

570 1055 606 1094 51·
632 1051 671 1094 n·
691 1050 781 1093 Titio.

368 1148 459 1199 Tanta
470 1151 511 1197 est
521 1160 591 1212 quae
602 1145 679 1197 litio
691 1146 819 1197 columna
829 1143 937 1211 pendet,

369 1228 499 1290 quantam
510 1220 694 1288 Lampsaciae
705 1221 800 1272 colunt
808 1218 926 1287 puellae.

367 1298 423 1350 Hic
433 1297 508 1349 nullo
520 1297 677 1360 comitante,
688 1311 739 1347 nec
749 1296 878 1358 molesto,

366 1373 480 1427 thermis
489 1372 649 1440 grandibus,
659 1378 687 1423 et
697 1372 755 1423 suis
767 1371 890 1423 lavatura

368 1453 483 1518 anguste
494 1448 585 1499 Titius
595 1452 687 1498 tamen
698 1447 815 1498 lavatur.

475 1573 510 1612 ⁵2
533 1569 575 1612 Ad
594 1568 699 1613 lulium
718 1567 875 1612 Cerealem.

275 1662 415 1719 coenabis
424 1663 505 1732 belle,
515 1663 569 1717 Iuli
580 1663 712 1731 Cerealis,
723 1662 796 1734 apud
807 1681 864 1719 me:

313 1741 437 1794 conditio
449 1749 492 1794 est
500 1738 600 1795 meli'or
609 1743 635 1795 si
644 1742 697 1795 tibi
708 1742 793 1807 nulla,
803 1742 876 1794 veni.

274 1817 408 1869 Octavam
419 1818 524 1884 poteris
534 1834 657 1870 servare:
673 1818 829 1870 lavabimur
837 1834 906 1869 una:

311 1893 377 1957 scis,
389 1908 471 1959 quam
480 1894 536 1945 sint
547 1892 679 1961 Stephani
689 1893 791 1945 balnea
800 1894 896 1944 iuncta
904 1890 981 1944 mihi.

274 1966 369 2019 Prima
378 1968 431 2019 tibi
442 1968 552 2021 dabitur
563 1970 650 2021 ventri
661 1969 771 2021 lactuca
781 1968 917 2021 movendo

311 2042 400 2107 utilis,
411 2049 440 2095 et
449 2046 539 2111 porris
552 2045 600 2096 fila
609 2050 717 2096 resecta
726 2047 792 2096 suis.

273 2116 343 2169 Mox
352 2123 430 2169 vetus
441 2126 469 2171 et
476 2120 553 2171 tenui
563 2121 653 2173 maior
664 2120 792 2187 cordylla
801 2121 920 2183 lacert03

310 2192 360 2244 sed
371 2208 452 2261 quam
463 2210 523 2247 cum
533 2201 612 2247 rutae
623 2194 768 2248 frondibus
780 2212 833 2247 uva
841 2200 944 2263 tegant.

274 2268 368 2320 Altera
377 2285 433 2321 non
444 2270 558 2322 deerunt
566 2272 642 2322 tenui
651 2278 762 2323 versata
771 2270 880 2332 favilla3

311 2349 340 2395 et
350 2342 512 2398 Velabrensi
522 2362 615 2397 massa
624 2352 737 2397 recocta
747 2345 825 2398 iocur

275 2424 382 2487 atquae
392 2420 521 2472 Picenum
532 2428 675 2472 senserunt
684 2420 772 2488 frigus
784 2421 883 2473 olivae.

312 2494 391 2547 Haec
400 2497 470 2548 satis
479 2497 509 2547 in
519 2502 612 2564 gustu:
628 2502 720 2548 cetera
730 2511 812 2547 nosse
823 2494 916 2563 cupisl

274 2569 403 2636 Mentiar,
413 2572 561 2623 utvenias:
578 2572 677 2638 pisces,
688 2570 846 2638 conchylia,
860 2586 964 2635 sumen,

312 2652 340 2698 et
349 2648 434 2700 cortis
445 2652 554 2700 saturas
566 2653 648 2714 atque
657 2646 768 2714 paludis
783 2662 861 2698 aves:
935 2633 953 2676 ⁸

228 2729 231 2736 '
276 2736 346 2789 quae
355 2738 407 2775 nec
416 2721 504 2775 Stella
514 2724 587 2775 solet
595 2737 660 2774 rara
669 2721 724 2773 nisi
734 2737 837 2789 ponere
847 2737 943 2774 coena.

228 2799 230 2804 '
312 2797 379 2849 Plus
390 2813 441 2867 ego
452 2797 602 2865 polliceare
616 2797 659 2850 nil
668 2797 793 2850 recitabo
803 2798 864 2849 tibi.

276 2872 336 2940 lpse
346 2879 411 2926 tuus
422 2873 504 2926 nobis
513 2874 621 2943 relegas
630 2873 698 2925 licet
707 2888 793 2941 usque
804 2872 955 2942 Gigantas,

241 2963 253 2974 ·
311 2947 841 3021 ruravelaeternoproximallirglliu.
