2750 3450
488 713 528 765 ll.
557 712 657 765 VAL.
685 714 957 768 striarum

324 825 1115 904 EPIGRAMMATUM

570 957 872 1009 sruaax.

548 1178 568 1217 t.
591 1175 678 1217 Liber
697 1175 730 1216 nl
748 1172 892 1217 lectoren.

325 1242 363 1312 Si
373 1259 472 1308 nimius
483 1256 587 1319 videor,
597 1271 714 1323 seraque
724 1255 854 1307 coronide
864 1257 964 1324 longus

361 1347 421 1382 esse
432 1332 515 1381 liber:
530 1331 615 1398 legito
626 1346 724 1396 paura,
734 1329 844 1382 libellus
853 1347 911 1384 ero.
929 1332 933 1343 '

324 1407 432 1472 Terque
443 1412 592 1472 quaterque
601 1404 669 1456 mihi
679 1406 773 1456 finitur
781 1407 901 1457 carmine
911 1421 999 1473 parvo

359 1482 471 1548 pagiua.
489 1479 547 1532 Fac
555 1481 608 1531 tibi
617 1495 660 1531 me
670 1496 751 1548 quam
763 1480 838 1546 cupis
848 1496 908 1532 esse
917 1481 1037 1536 brevem.

605 1589 627 1628 2
651 1585 691 1626 :lul
711 1585 834 1628 eunden.

323 1663 466 1713 Festinata
475 1662 551 1730 prior
561 1661 660 1714 decimi
669 1660 738 1713 mihi
748 1677 814 1712 cura
825 1662 914 1713 libelli

361 1738 483 1805 elapsum
492 1739 617 1790 manibus
627 1754 699 1789 nunc
707 1739 848 1789 revocavit
857 1752 935 1804 opus.

322 1811 397 1864 Nota
407 1813 481 1880 leges
492 1814 634 1879 quaedam,
645 1814 694 1864 sed
704 1814 771 1863 lima
780 1828 845 1863 rasa
853 1813 970 1864 reoeuti:

358 1902 423 1953 pars
433 1903 506 1939 nova
515 1889 603 1939 maior
613 1888 678 1938 erit:
693 1888 788 1950 lector,
798 1890 905 1954 utrique
915 1888 992 1952 fave3

322 1961 417 2024 lector,
428 1977 494 2028 opes
504 1968 623 2013 nestrae.
645 1963 731 2024 Quem
743 1978 802 2013 curn
812 1961 879 2013 mihi
889 1962 979 2013 Roma
989 1964 1116 2029 dedisset,

358 2036 406 2099 uil,
417 2036 468 2086 tibi
479 2036 552 2103 quod
563 2037 664 2100 demus,
675 2039 764 2087 maius
773 2033 911 2100 habemus,
923 2038 972 2088 ait.

322 2109 405 2177 Pigra
414 2108 543 2176 perhanc
552 2109 642 2177 fugies
651 2113 776 2177 ingratae
787 2111 898 2176 flumina
908 2110 1020 2176 Lethes,

359 2191 386 2235 et
395 2184 509 2236 meliore
518 2186 558 2235 tui
569 2191 646 2251 parte
656 2192 793 2253 superstes
803 2188 866 2237 eris.

321 2258 463 2311 Marmora
472 2259 609 2310 Messalae
619 2260 698 2311 findit
709 2260 861 2327 caprificus,
874 2265 903 2311 et
912 2262 1005 2313 audax

360 2334 490 2385 dimidios
502 2333 592 2399 Gripsi
602 2335 687 2386 mulio
697 2336 769 2386 ridet
778 2350 872 2402 equos.

322 2408 356 2457 At
367 2405 467 2459 chartis
478 2423 528 2459 uec
537 2407 610 2459 furta
621 2415 727 2471 nocent,
739 2425 788 2460 nee
798 2410 891 2459 serula
900 2416 1030 2475 prosuut3

359 2482 473 2549 solaque
483 2498 538 2534 uon
547 2490 647 2535 uerunt
656 2482 724 2533 haee
734 2489 909 2535 monumenta
919 2485 1001 2536 muri.

599 2591 619 2629 3.
644 2588 683 2629 Ad
703 2589 750 2629 Pri
757 2602 836 2630 nnnnn

395 2660 610 2716 Vernaculorum
620 2664 705 2727 diota,
714 2664 854 2715 sordidum
866 2663 984 2729 dentem,

382 2745 415 2793 et
420 2738 511 2795 foeda
520 2741 638 2815 linguae
649 2740 757 2813 probra
765 2738 958 2801 circumiere,

373 2832 453 2889 quae
463 2819 615 2879 sulfurato
627 2821 706 2878 nolit
715 2825 795 2873 emta
801 2817 933 2870 remeato
