2750 3450
424 413 742 461 EPIGRAMMATUM
767 415 838 460 Lm.
860 413 916 459 Xll.
1018 411 1067 462 3⁰9

272 539 354 601 tiam,
373 537 511 589 sitantum
521 543 688 603 capraesto,
704 552 774 604 quae
783 538 916 603 possim,)
933 538 1066 604 imperavi

273 611 349 676 mihi,
364 612 438 679 quod
447 613 588 680 indulgere
598 627 801 673 consueveram,
817 616 844 662 et
857 613 949 663 smdul
959 615 1067 679 paucis·

273 689 351 739 simis
362 686 466 750 diebus,
474 693 505 738 ut
514 686 746 737 familiarissimas
755 685 824 737 mihi
834 701 913 737 aures
922 692 984 738 tuas
995 689 1066 739 cxci·

273 777 364 828 perem
376 754 537 813 adventoria
547 776 606 813 sua.
636 762 679 811 Tu
694 761 775 812 velim
790 761 858 824 ista,
879 776 949 827 quae
962 768 1067 814 tantum

274 836 347 904 apud
357 842 384 886 te
393 852 449 886 non
458 836 656 903 periclitantur,
671 835 817 902 diligenter
827 836 972 887 aestimare
984 843 1012 888 et
1021 853 1066 890 ex-

274 917 366 963 cutere
374 926 430 961 non
439 912 574 977 graveris3
584 916 619 973 et,
631 909 706 977 quod
715 911 768 961 tibi
778 909 966 962 difficillimum
977 919 1026 976 est,
1034 914 1068 964 do

273 987 354 1053 nugis
363 986 466 1037 nostris
475 985 580 1036 iudices
595 985 684 1036 nitore
700 986 837 1051 seposito,
852 999 885 1035 ue
899 984 1028 1049 Romam,
1043 987 1068 1038 si

273 1063 314 1112 ita
325 1060 490 1121 decreveris,
510 1076 565 1110 non
579 1059 791 1125 Hispaniensem
806 1060 904 1111 librum
919 1062 1068 1127 mittamus,

274 1135 323 1187 sed
332 1134 494 1202 Hispanum.

557 1235 577 1271 1.
602 1229 642 1272 Ad
661 1230 785 1274 eunden.

275 1307 355 1358 Retia
365 1306 427 1358 dum
439 1313 554 1369 cessant,
564 1307 764 1374 latratoresque
777 1305 905 1371 Molossi,

312 1387 340 1432 et
348 1397 403 1433 non
413 1382 523 1432 invento
534 1383 604 1433 silva
614 1383 731 1449 quiescit
744 1397 826 1448 apros

276 1457 343 1518 otia,
352 1455 455 1518 Prisce,
465 1455 540 1507 brevi
551 1458 656 1522 poteris
667 1457 770 1508 donare
780 1457 885 1509 libello.

312 1530 391 1583 Hora
399 1534 450 1582 nec
460 1532 565 1582 aestiva
574 1536 624 1593 est,
634 1545 685 1603 npc
694 1532 746 1582 tibi
755 1537 816 1583 tota
825 1532 904 1597 perit.

515 1630 535 1668 2.
560 1625 600 1668 Art
620 1638 669 1668 sus
688 1628 819 1669 carmina.

276 1703 353 1767 Quae
363 1683 450 1756 modo*
457 1702 572 1755 litoreos
582 1703 666 1755 ibatis
677 1703 800 1754 carmina
809 1702 926 1770 Pyrgos,

311 1782 350 1831 ite
360 1777 454 1843 Sacra,
464 1779 520 1830 iam
531 1795 586 1829 non
595 1779 784 1845 pulverulenta
793 1779 840 1829 via
849 1783 899 1830 est.

516 1888 536 1926 3.
561 1884 600 1925 nu
620 1882 723 1925 librum
743 1897 827 1926 suum.

274 1960 442 2027 adpopulos
453 1961 525 2011 mitti
536 1961 583 2027 qui
592 1976 678 2027 nuper
688 1961 723 2011 ab
733 1961 800 2011 urbe
810 1959 930 2023 solebas,

310 2036 365 2087 ibis
374 2036 404 2087 io
414 2033 529 2087 Romam
540 2052 610 2087 nunc
620 2036 762 2103 peregine
775 2035 854 2099 liber,

275 2109 388 2163 auriferi
399 2110 432 2161 de
443 2117 522 2177 gente
532 2111 602 2178 Tagi
613 2111 757 2177 tetricique
768 2109 888 2173 Salonis,

312 2185 360 2237 dat
367 2186 475 2251 patrios
485 2184 582 2236 Manes
593 2201 662 2253 quae
673 2184 741 2236 mihi
750 2191 824 2237 terra
832 2190 939 2251 potens.

274 2259 337 2312 Non
346 2264 437 2311 tamen
447 2258 547 2326 hospes
558 2262 621 2323 eris,
632 2275 682 2312 nec
690 2261 745 2311 iam
756 2267 835 2328 potes
846 2260 950 2311 advena
959 2258 1024 2324 dici,

312 2334 390 2386 carius
401 2334 483 2386 habet
493 2335 592 2386 iratres
601 2339 644 2386 tot
655 2336 752 2387 domus
764 2336 821 2386 alta
830 2334 916 2385 Remi.

274 2411 336 2462 lure
344 2416 394 2461 tuo
403 2410 559 2461 veneranda
568 2411 633 2460 novi
643 2415 705 2477 pete
715 2411 811 2461 limina
820 2409 925 2475 templi,

310 2484 420 2554 reddita
429 2484 521 2536 Pierio
532 2487 595 2534 sunt
604 2484 652 2535 ubl
661 2485 765 2550 templa
775 2482 868 2535 choro.

274 2559 327 2612 Vel
340 2560 364 2610 si
374 2559 512 2621 malueris,
523 2560 613 2625 prima
623 2559 749 2626 gradiere
760 2557 879 2610 Subura:

313 2635 386 2685 atria
395 2640 458 2685 sunt
467 2634 527 2684 illic
537 2633 658 2684 consulis
670 2634 728 2684 alta
736 2634 798 2684 mei.

274 2709 443 2776 Laurigeros
453 2706 560 2759 habitat
569 2707 703 2759 facundus
714 2706 800 2759 Stella
809 2706 935 2771 Penates,

239 2803 242 2808 ·
312 2784 402 2835 clarus
412 2782 557 2849 Hyanteae
568 2782 654 2834 Stella
664 2783 756 2834 sititor
769 2797 865 2849 aquae.

237 2851 245 2910 Ι
273 2859 349 2912 Fons
359 2858 400 2909 ibi
409 2857 548 2908 Castalius
556 2859 643 2909 vitreo
654 2862 776 2909 torrente
784 2855 915 2924 superbit,

311 2932 384 2985 unde
393 2947 490 2984 norem
502 2932 627 2986 dominas
638 2948 721 3002 saepe
729 2932 838 2986 bibisse
845 2931 955 2984 ierunt.
