2750 3450
322 369 371 419 250
592 370 811 417 manemus

322 510 356 545 ne
365 494 464 556 vivam,
475 492 529 544 nisi
539 499 574 557 te,
585 492 701 556 Domiti,
712 495 839 560 permitto
847 492 973 558 libenter,

360 575 439 635 grata
449 569 513 618 lieet
524 569 582 619 sine
592 575 619 620 te
629 570 665 619 sit
673 567 741 619 mibi
751 568 827 618 nulla
836 568 903 619 dies.

323 642 376 695 Sed
388 643 552 694 desiderium
562 644 632 693 tanti
643 649 692 705 est,
703 649 733 692 ot
742 658 829 692 messe
839 642 882 693 vel
891 657 947 693 una

359 718 469 768 Urbano
480 718 584 768 releves
596 717 668 768 eolla
679 723 789 784 perusta
798 718 873 783 ingo.

322 793 450 859 lpree0r‚
462 797 488 842 et
497 798 572 842 totos
584 792 664 843 avida
676 797 737 842 oute
748 792 872 842 combibe
882 790 966 842 soles.

361 867 448 928 Quam
459 865 597 917 formosus
606 867 670 929 eris,
681 867 743 916 dnm
754 866 911 932 peregrinus
923 863 992 917 erisl

323 949 350 993 et
359 942 461 1004 venies,
476 941 547 991 albis
557 957 612 992 non
623 941 828 1007 eognoscendus
839 941 945 1003 amieis,

359 1016 507 1082 livebitque
517 1016 572 1066 tuis
581 1016 687 1081 pallida
696 1015 777 1066 turba
787 1012 876 1082 genis!

323 1090 377 1143 sed
386 1092 432 1142 via
442 1106 521 1157 quem
531 1091 646 1153 dederit,
656 1091 746 1157 rapiet
759 1091 814 1140 cito
824 1089 914 1140 Roma
923 1089 1058 1156 colorem,

359 1165 471 1217 Nilieeo
482 1166 578 1216 redeas
587 1173 617 1216 tu
627 1167 693 1216 lieet
703 1181 750 1216 ore
762 1165 847 1231 niger.

597 1275 630 1312 13.
654 1269 694 1312 Aa
715 1270 842 1312 Tneeam.

323 1356 390 1407 cum
402 1355 612 1407 cathedralieios
622 1361 713 1421 portet
725 1355 776 1406 tibi
787 1353 872 1405 rheda
881 1355 1034 1421 ministros,

361 1437 388 1482 et
398 1430 485 1497 Libys
495 1432 524 1481 in
535 1431 617 1497 longo
628 1430 739 1496 pulvere
750 1430 828 1481 sudet
842 1445 937 1496 eques3

323 1511 463 1572 strataque
472 1521 528 1556 non
537 1521 606 1556 unas
617 1506 727 1573 cingant
736 1505 857 1556 triclinia
865 1504 961 1565 Baias,

361 1586 389 1631 et
400 1579 495 1631 Thetis
505 1586 641 1647 rmguento
651 1580 756 1646 palleat
765 1585 847 1631 uncta
856 1585 919 1642 tuo;

324 1656 442 1707 eandida
452 1654 538 1706 Setini
549 1661 676 1723 rumpant
684 1656 818 1723 crystalla
827 1656 949 1718 trientes,

361 1732 480 1782 dormiat
490 1733 519 1782 in
529 1732 621 1797 pluma
632 1746 681 1783 nee
691 1732 806 1782 meliore
816 1730 921 1781 Venus:

323 1808 358 1857 ad
368 1812 502 1857 nocturna
511 1807 585 1857 iaces
595 1805 719 1858 fastosae
729 1807 825 1856 limina
833 1803 974 1870 moechae,

363 1887 390 1932 et
399 1883 491 1932 madet
502 1879 576 1944 (heu)
588 1881 803 1932 lacrimis'ianua
813 1881 896 1931 surda
904 1881 974 1944 tuis3

323 1973 402 2009 urere
412 1972 463 2006 nee
472 1958 600 2006 miserum
612 1961 720 2007 cessant
729 1957 847 2022 suspiria
856 1960 960 2021 peetus.

360 2030 410 2082 Vis
421 2032 519 2093 dicem,
530 2031 601 2081 male
611 2032 648 2081 sit
661 2047 708 2082 eur
717 2031 777 2093 tibi,
789 2029 898 2082 Tueeal
916 2030 991 2083 Bene
1003 2037 1054 2084 est.

593 2140 625 2177 lt.
650 2136 688 2177 Al
710 2136 846 2190 Crispum.

325 2219 427 2270 Cedere
439 2219 473 2271 de
482 2220 584 2270 nostris
595 2219 663 2270 nolli
673 2227 700 2270 te
711 2220 780 2270 dieis
791 2218 899 2269 amieis:

361 2294 417 2356 sed,
428 2296 466 2345 sit
475 2299 505 2344 ut
514 2293 567 2362 hoe
577 2309 678 2357 verum,
692 2295 766 2361 qnid,
776 2309 854 2361 rogo,
866 2291 971 2359 Crispe,
982 2292 1071 2346 facist

323 2368 420 2420 Mutua
432 2385 491 2419 cum
505 2375 624 2435 peterem
638 2371 764 2420 sestertia
774 2370 901 2434 quinque,
911 2369 1033 2435 negasti:

362 2460 416 2495 non
427 2450 536 2510 caperet
546 2460 669 2495 nummos
681 2461 739 2495 eum
751 2444 843 2511 gravis
855 2458 919 2494 arca
929 2449 1001 2495 tuos.

325 2519 441 2580 erando
452 2518 533 2570 fabae
543 2519 624 2570 nobis
634 2520 755 2571 modium
766 2518 902 2584 farrisque
913 2518 1024 2581 dedisti,

361 2609 421 2643 eum
432 2599 479 2644 tua
489 2592 613 2645 Niliacus
623 2610 687 2645 rura
698 2594 812 2646 colonus
824 2591 897 2643 oreti

325 2669 440 2729 Quando
447 2669 648 2735 brevisgelidae
658 2666 1125 2734 missaesttogatemporebrumael

358 2745 465 2810 argenti
476 2744 550 2795 venit
560 2744 668 2813 qnando
680 2744 783 2796 selibra
790 2740 874 2793 mihil

302 2817 359 2870 Nil
367 2820 449 2873 aliud
461 2822 553 2889 rideo,
565 2828 662 2894 quote
675 2822 823 2875 ereiamns
833 2818 966 2877 ammom,

331 2910 420 2963 qnam
434 2901 515 2971 quod
527 2919 573 2957 me
586 2919 692 2958 coram
701 2894 943 2973 penereernpe,
954 2890 1041 2944 ubist·
