<?xml version="1.0" encoding="UTF-8"?>
<!DOCTYPE html PUBLIC "-//W3C//DTD XHTML 1.0 Transitional//EN"
    "http://www.w3.org/TR/xhtml1/DTD/xhtml1-transitional.dtd">
<html xmlns="http://www.w3.org/1999/xhtml" xml:lang="en" lang="en">
 <head>
  <title>
</title>
<meta http-equiv="Content-Type" content="text/html;charset=utf-8" />
  <meta name='ocr-system' content='tesseract 3.04.00' />
  <meta name='ocr-capabilities' content='ocr_page ocr_carea ocr_par ocr_line ocrx_word'/>
</head>
<body>
  <div class='ocr_page' id='page_1' title='image "./mvaleriimartial03martgoog_0035.png"; bbox 0 0 2750 3450; ppageno 0'>
   <div class='ocr_carea' id='block_1_1' title="bbox 291 335 797 388">
    <p class='ocr_par' dir='ltr' id='par_1_1' title="bbox 291 335 797 388">
     <span class='ocr_line' id='line_1_1' title="bbox 291 335 797 388; baseline -0.008 0"><span class='ocrx_word' id='word_1_1' title='bbox 291 335 325 388; x_wconf 69' lang='lat'><strong>25</strong></span> <span class='ocrx_word' id='word_1_2' title='bbox 580 337 797 384; x_wconf 72' lang='lat' dir='ltr'><strong>alnarlnbls</strong></span> 
     </span>
    </p>
   </div>
   <div class='ocr_carea' id='block_1_2' title="bbox 295 459 940 602">
    <p class='ocr_par' dir='ltr' id='par_1_2' title="bbox 295 459 940 602">
     <span class='ocr_line' id='line_1_2' title="bbox 295 459 917 514; baseline -0.002 -1"><span class='ocrx_word' id='word_1_3' title='bbox 295 462 348 513; x_wconf 90' lang='lat' dir='ltr'><strong>Sed</strong></span> <span class='ocrx_word' id='word_1_4' title='bbox 359 462 542 513; x_wconf 77' lang='lat' dir='ltr'><strong>sestertiolum</strong></span> <span class='ocrx_word' id='word_1_5' title='bbox 552 461 666 514; x_wconf 86' lang='lat' dir='ltr'><strong>donavit</strong></span> <span class='ocrx_word' id='word_1_6' title='bbox 675 461 796 512; x_wconf 84' lang='lat' dir='ltr'><strong>mentula</strong></span> <span class='ocrx_word' id='word_1_7' title='bbox 805 459 917 513; x_wconf 90' lang='lat' dir='ltr'><strong>Phoebo</strong></span> 
     </span>
     <span class='ocr_line' id='line_1_3' title="bbox 330 534 940 602; baseline -0.003 -15"><span class='ocrx_word' id='word_1_8' title='bbox 330 538 374 587; x_wconf 91' lang='lat' dir='ltr'><strong>bis</strong></span> <span class='ocrx_word' id='word_1_9' title='bbox 383 537 488 588; x_wconf 84' lang='lat' dir='ltr'><strong>decies:</strong></span> <span class='ocrx_word' id='word_1_10' title='bbox 508 535 562 588; x_wconf 87' lang='lat' dir='ltr'><strong>boe</strong></span> <span class='ocrx_word' id='word_1_11' title='bbox 570 534 732 598; x_wconf 86' lang='lat' dir='ltr'><strong>datumihi,</strong></span> <span class='ocrx_word' id='word_1_12' title='bbox 747 536 833 602; x_wconf 90' lang='lat' dir='ltr'><strong>pluris</strong></span> <span class='ocrx_word' id='word_1_13' title='bbox 842 551 940 586; x_wconf 86' lang='lat' dir='ltr'><strong>ernam.</strong></span> 
     </span>
    </p>
   </div>
   <div class='ocr_carea' id='block_1_3' title="bbox 463 639 914 694">
    <p class='ocr_par' dir='ltr' id='par_1_3' title="bbox 463 639 914 694">
     <span class='ocr_line' id='line_1_4' title="bbox 463 639 914 694; baseline -0.002 -10"><span class='ocrx_word' id='word_1_14' title='bbox 463 644 498 684; x_wconf 77' lang='lat' dir='ltr'><strong>eo.</strong></span> <span class='ocrx_word' id='word_1_15' title='bbox 526 641 567 682; x_wconf 77' lang='lat' dir='ltr'><strong>Ad</strong></span> <span class='ocrx_word' id='word_1_16' title='bbox 580 640 711 684; x_wconf 66' lang='lat' dir='ltr'><strong>Flaccu-</strong></span> <span class='ocrx_word' id='word_1_17' title='bbox 727 640 759 682; x_wconf 85' lang='lat' dir='ltr'><strong>ds</strong></span> <span class='ocrx_word' id='word_1_18' title='bbox 773 639 914 694; x_wconf 77' lang='lat' dir='ltr'><strong>sportula.</strong></span> 
     </span>
    </p>
   </div>
   <div class='ocr_carea' id='block_1_4' title="bbox 294 716 1046 1082">
    <p class='ocr_par' dir='ltr' id='par_1_4' title="bbox 294 716 1046 1082">
     <span class='ocr_line' id='line_1_5' title="bbox 294 716 989 784; baseline 0 -16"><span class='ocrx_word' id='word_1_19' title='bbox 294 718 349 768; x_wconf 86' lang='lat' dir='ltr'><strong>Dat</strong></span> <span class='ocrx_word' id='word_1_20' title='bbox 358 717 466 767; x_wconf 83' lang='lat' dir='ltr'><strong>Baiana</strong></span> <span class='ocrx_word' id='word_1_21' title='bbox 475 716 543 768; x_wconf 76' lang='lat' dir='ltr'><strong>nsibi</strong></span> <span class='ocrx_word' id='word_1_22' title='bbox 552 717 718 782; x_wconf 80' lang='lat' dir='ltr'><strong>quadrantes</strong></span> <span class='ocrx_word' id='word_1_23' title='bbox 731 718 856 784; x_wconf 87' lang='lat' dir='ltr'><strong>sportula</strong></span> <span class='ocrx_word' id='word_1_24' title='bbox 866 723 989 768; x_wconf 75' lang='lat' dir='ltr'><strong>eentums</strong></span> 
     </span>
     <span class='ocr_line' id='line_1_6' title="bbox 330 790 856 859; baseline -0.002 -17"><span class='ocrx_word' id='word_1_25' title='bbox 330 794 402 842; x_wconf 91' lang='lat' dir='ltr'><strong>inter</strong></span> <span class='ocrx_word' id='word_1_26' title='bbox 412 793 526 844; x_wconf 86' lang='lat' dir='ltr'><strong>delicias</strong></span> <span class='ocrx_word' id='word_1_27' title='bbox 537 792 602 859; x_wconf 88' lang='lat' dir='ltr'><strong>quid</strong></span> <span class='ocrx_word' id='word_1_28' title='bbox 612 791 680 842; x_wconf 85' lang='lat' dir='ltr'><strong>facit</strong></span> <span class='ocrx_word' id='word_1_29' title='bbox 689 792 745 842; x_wconf 88' lang='lat' dir='ltr'><strong>ista</strong></span> <span class='ocrx_word' id='word_1_30' title='bbox 753 790 856 843; x_wconf 70' lang='lat' dir='ltr'><strong>fames!</strong></span> 
     </span>
     <span class='ocr_line' id='line_1_7' title="bbox 295 864 997 933; baseline 0 -17"><span class='ocrx_word' id='word_1_31' title='bbox 295 867 387 918; x_wconf 85' lang='lat' dir='ltr'><strong>Redde</strong></span> <span class='ocrx_word' id='word_1_32' title='bbox 397 865 470 933; x_wconf 85' lang='lat' dir='ltr'><strong>Lupi</strong></span> <span class='ocrx_word' id='word_1_33' title='bbox 480 867 561 918; x_wconf 90' lang='lat' dir='ltr'><strong>nobis</strong></span> <span class='ocrx_word' id='word_1_34' title='bbox 570 866 769 933; x_wconf 88' lang='lat' dir='ltr'><strong>tenebrosaque</strong></span> <span class='ocrx_word' id='word_1_35' title='bbox 778 867 880 919; x_wconf 81' lang='lat' dir='ltr'><strong>balnea</strong></span> <span class='ocrx_word' id='word_1_36' title='bbox 890 864 997 932; x_wconf 81' lang='lat' dir='ltr'><strong>Grylli:</strong></span> 
     </span>
     <span class='ocr_line' id='line_1_8' title="bbox 329 940 1046 1005; baseline 0 -13"><span class='ocrx_word' id='word_1_37' title='bbox 329 949 386 992; x_wconf 90' lang='lat' dir='ltr'><strong>tam</strong></span> <span class='ocrx_word' id='word_1_38' title='bbox 396 942 467 992; x_wconf 89' lang='lat' dir='ltr'><strong>male</strong></span> <span class='ocrx_word' id='word_1_39' title='bbox 478 958 537 993; x_wconf 89' lang='lat' dir='ltr'><strong>eum</strong></span> <span class='ocrx_word' id='word_1_40' title='bbox 548 956 668 1003; x_wconf 88' lang='lat' dir='ltr'><strong>eoenem,</strong></span> <span class='ocrx_word' id='word_1_41' title='bbox 679 940 813 1004; x_wconf 74' lang='lat' dir='ltr'><strong>turbere,</strong></span> <span class='ocrx_word' id='word_1_42' title='bbox 825 941 935 1005; x_wconf 84' lang='lat' dir='ltr'><strong>Flaoee,</strong></span> <span class='ocrx_word' id='word_1_43' title='bbox 944 941 1046 995; x_wconf 75' lang='lat' dir='ltr'><strong>lanosi</strong></span> 
     </span>
     <span class='ocr_line' id='line_1_9' title="bbox 507 1027 873 1082; baseline -0.008 -11"><span class='ocrx_word' id='word_1_44' title='bbox 507 1032 542 1072; x_wconf 86' lang='lat' dir='ltr'><strong>bt·</strong></span> <span class='ocrx_word' id='word_1_45' title='bbox 571 1029 611 1070; x_wconf 79' lang='lat' dir='ltr'><strong>lla</strong></span> <span class='ocrx_word' id='word_1_46' title='bbox 626 1027 726 1082; x_wconf 80' lang='lat' dir='ltr'><strong>lepore</strong></span> <span class='ocrx_word' id='word_1_47' title='bbox 740 1033 769 1071; x_wconf 84' lang='lat' dir='ltr'><strong>et</strong></span> <span class='ocrx_word' id='word_1_48' title='bbox 782 1027 873 1071; x_wconf 78' lang='lat' dir='ltr'><strong>leons.</strong></span> 
     </span>
    </p>
   </div>
   <div class='ocr_carea' id='block_1_5' title="bbox 292 1104 1071 1545">
    <p class='ocr_par' dir='ltr' id='par_1_5' title="bbox 294 1104 918 1246">
     <span class='ocr_line' id='line_1_10' title="bbox 294 1104 918 1171; baseline 0.003 -15"><span class='ocrx_word' id='word_1_49' title='bbox 294 1107 382 1156; x_wconf 91' lang='lat' dir='ltr'><strong>lntres</strong></span> <span class='ocrx_word' id='word_1_50' title='bbox 393 1105 484 1171; x_wconf 86' lang='lat' dir='ltr'><strong>ampla</strong></span> <span class='ocrx_word' id='word_1_51' title='bbox 494 1105 560 1156; x_wconf 82' lang='lat' dir='ltr'><strong>lieet</strong></span> <span class='ocrx_word' id='word_1_52' title='bbox 568 1105 650 1168; x_wconf 87' lang='lat' dir='ltr'><strong>torvi,</strong></span> <span class='ocrx_word' id='word_1_53' title='bbox 662 1104 749 1170; x_wconf 89' lang='lat' dir='ltr'><strong>lepus,</strong></span> <span class='ocrx_word' id='word_1_54' title='bbox 761 1120 811 1156; x_wconf 87' lang='lat' dir='ltr'><strong>ora</strong></span> <span class='ocrx_word' id='word_1_55' title='bbox 819 1105 918 1169; x_wconf 85' lang='lat' dir='ltr'><strong>leonis,</strong></span> 
     </span>
     <span class='ocr_line' id='line_1_11' title="bbox 332 1179 872 1246; baseline -0.004 -14"><span class='ocrx_word' id='word_1_56' title='bbox 332 1197 391 1232; x_wconf 87' lang='lat' dir='ltr'><strong>esse</strong></span> <span class='ocrx_word' id='word_1_57' title='bbox 401 1187 493 1231; x_wconf 91' lang='lat' dir='ltr'><strong>tamen</strong></span> <span class='ocrx_word' id='word_1_58' title='bbox 502 1194 590 1230; x_wconf 85' lang='lat' dir='ltr'><strong>vacuo</strong></span> <span class='ocrx_word' id='word_1_59' title='bbox 601 1194 631 1230; x_wconf 83' lang='lat' dir='ltr'><strong>se</strong></span> <span class='ocrx_word' id='word_1_60' title='bbox 640 1179 684 1230; x_wconf 92' lang='lat' dir='ltr'><strong>leo</strong></span> <span class='ocrx_word' id='word_1_61' title='bbox 696 1179 777 1230; x_wconf 88' lang='lat' dir='ltr'><strong>dente</strong></span> <span class='ocrx_word' id='word_1_62' title='bbox 785 1185 872 1246; x_wconf 82' lang='lat' dir='ltr'><strong>putat</strong></span> 
     </span>
    </p>

    <p class='ocr_par' dir='ltr' id='par_1_6' title="bbox 294 1253 1071 1395">
     <span class='ocr_line' id='line_1_12' title="bbox 294 1253 1071 1320; baseline 0.001 -15"><span class='ocrx_word' id='word_1_63' title='bbox 294 1256 375 1316; x_wconf 76' lang='lat' dir='ltr'><strong>Quod</strong></span> <span class='ocrx_word' id='word_1_64' title='bbox 385 1261 446 1305; x_wconf 89' lang='lat' dir='ltr'><strong>ruet</strong></span> <span class='ocrx_word' id='word_1_65' title='bbox 454 1256 483 1304; x_wconf 91' lang='lat' dir='ltr'><strong>in</strong></span> <span class='ocrx_word' id='word_1_66' title='bbox 491 1259 607 1320; x_wconf 84' lang='lat' dir='ltr'><strong>tergum,</strong></span> <span class='ocrx_word' id='word_1_67' title='bbox 617 1254 660 1305; x_wconf 87' lang='lat' dir='ltr'><strong>vel</strong></span> <span class='ocrx_word' id='word_1_68' title='bbox 673 1268 742 1319; x_wconf 89' lang='lat' dir='ltr'><strong>qnos</strong></span> <span class='ocrx_word' id='word_1_69' title='bbox 752 1253 912 1320; x_wconf 81' lang='lat' dir='ltr'><strong>procumbet</strong></span> <span class='ocrx_word' id='word_1_70' title='bbox 920 1255 950 1305; x_wconf 91' lang='lat' dir='ltr'><strong>in</strong></span> <span class='ocrx_word' id='word_1_71' title='bbox 960 1254 1071 1306; x_wconf 73' lang='lat' dir='ltr'><strong>mmosi</strong></span> 
     </span>
     <span class='ocr_line' id='line_1_13' title="bbox 331 1328 848 1395; baseline -0.002 -16"><span class='ocrx_word' id='word_1_72' title='bbox 331 1329 388 1379; x_wconf 89' lang='lat' dir='ltr'><strong>alta</strong></span> <span class='ocrx_word' id='word_1_73' title='bbox 399 1330 575 1380; x_wconf 87' lang='lat' dir='ltr'><strong>iuvencorum</strong></span> <span class='ocrx_word' id='word_1_74' title='bbox 585 1328 700 1380; x_wconf 88' lang='lat' dir='ltr'><strong>vulnera</strong></span> <span class='ocrx_word' id='word_1_75' title='bbox 708 1328 774 1395; x_wconf 84' lang='lat' dir='ltr'><strong>liget</strong></span> <span class='ocrx_word' id='word_1_76' title='bbox 782 1328 848 1380; x_wconf 73' lang='lat' dir='ltr'><strong>ubit</strong></span> 
     </span>
    </p>

    <p class='ocr_par' dir='ltr' id='par_1_7' title="bbox 292 1402 1062 1545">
     <span class='ocr_line' id='line_1_14' title="bbox 292 1402 1062 1472; baseline -0.001 -17"><span class='ocrx_word' id='word_1_77' title='bbox 292 1406 366 1466; x_wconf 77' lang='lat' dir='ltr'><strong>Quid</strong></span> <span class='ocrx_word' id='word_1_78' title='bbox 376 1404 478 1455; x_wconf 80' lang='lat' dir='ltr'><strong>frustra</strong></span> <span class='ocrx_word' id='word_1_79' title='bbox 487 1418 626 1454; x_wconf 88' lang='lat' dir='ltr'><strong>nemorum</strong></span> <span class='ocrx_word' id='word_1_80' title='bbox 638 1402 778 1454; x_wconf 89' lang='lat' dir='ltr'><strong>dominnm</strong></span> <span class='ocrx_word' id='word_1_81' title='bbox 788 1418 932 1471; x_wconf 83' lang='lat' dir='ltr'><strong>regemque</strong></span> <span class='ocrx_word' id='word_1_82' title='bbox 941 1402 1062 1472; x_wconf 71' lang='lat' dir='ltr'><strong>tangas!</strong></span> 
     </span>
     <span class='ocr_line' id='line_1_15' title="bbox 331 1476 840 1545; baseline -0.004 -15"><span class='ocrx_word' id='word_1_83' title='bbox 331 1479 355 1530; x_wconf 86' lang='lat' dir='ltr'>N</span> <span class='ocrx_word' id='word_1_84' title='bbox 358 1495 393 1530; x_wconf 89' lang='lat' dir='ltr'><strong>on</strong></span> <span class='ocrx_word' id='word_1_85' title='bbox 403 1480 456 1530; x_wconf 87' lang='lat' dir='ltr'><strong>nisi</strong></span> <span class='ocrx_word' id='word_1_86' title='bbox 467 1478 574 1529; x_wconf 89' lang='lat' dir='ltr'><strong>delecta</strong></span> <span class='ocrx_word' id='word_1_87' title='bbox 582 1479 706 1545; x_wconf 82' lang='lat' dir='ltr'><strong>pascitur</strong></span> <span class='ocrx_word' id='word_1_88' title='bbox 714 1477 763 1528; x_wconf 90' lang='lat' dir='ltr'><strong>ille</strong></span> <span class='ocrx_word' id='word_1_89' title='bbox 771 1476 840 1529; x_wconf 82' lang='lat' dir='ltr'><strong>iera.</strong></span> 
     </span>
    </p>
   </div>
   <div class='ocr_carea' id='block_1_6' title="bbox 404 1566 975 1620">
    <p class='ocr_par' dir='ltr' id='par_1_8' title="bbox 404 1566 975 1620">
     <span class='ocr_line' id='line_1_16' title="bbox 404 1566 975 1620; baseline 0.002 -11"><span class='ocrx_word' id='word_1_90' title='bbox 404 1569 437 1609; x_wconf 78' lang='grc'><strong>62.</strong></span> <span class='ocrx_word' id='word_1_91' title='bbox 463 1566 501 1608; x_wconf 77' lang='lat' dir='ltr'><strong>Ad</strong></span> <span class='ocrx_word' id='word_1_92' title='bbox 518 1567 707 1615; x_wconf 72' lang='lat' dir='ltr'><strong>Licinianum,</strong></span> <span class='ocrx_word' id='word_1_93' title='bbox 723 1567 882 1620; x_wconf 69' lang='lat' dir='ltr'><strong>scriptores</strong></span> <span class='ocrx_word' id='word_1_94' title='bbox 895 1566 975 1610; x_wconf 51' lang='lat' dir='ltr'><strong>andei</strong></span> 
     </span>
    </p>
   </div>
   <div class='ocr_carea' id='block_1_7' title="bbox 330 1641 924 2595">
    <p class='ocr_par' dir='ltr' id='par_1_9' title="bbox 331 1641 841 1769">
     <span class='ocr_line' id='line_1_17' title="bbox 331 1641 841 1708; baseline 0.006 -16"><span class='ocrx_word' id='word_1_95' title='bbox 331 1641 441 1692; x_wconf 84' lang='lat' dir='ltr'><strong>Verona</strong></span> <span class='ocrx_word' id='word_1_96' title='bbox 450 1641 525 1692; x_wconf 86' lang='lat' dir='ltr'><strong>docti</strong></span> <span class='ocrx_word' id='word_1_97' title='bbox 535 1641 658 1708; x_wconf 85' lang='lat' dir='ltr'><strong>syllabas</strong></span> <span class='ocrx_word' id='word_1_98' title='bbox 669 1648 744 1693; x_wconf 86' lang='lat' dir='ltr'><strong>amat</strong></span> <span class='ocrx_word' id='word_1_99' title='bbox 753 1643 841 1695; x_wconf 73' lang='lat' dir='ltr'><strong>vatiss</strong></span> 
     </span>
     <span class='ocr_line' id='line_1_18' title="bbox 368 1716 750 1769; baseline 0.003 -3"><span class='ocrx_word' id='word_1_100' title='bbox 368 1716 484 1768; x_wconf 84' lang='lat' dir='ltr'><strong>Marone</strong></span> <span class='ocrx_word' id='word_1_101' title='bbox 495 1716 562 1769; x_wconf 81' lang='lat' dir='ltr'><strong>felix</strong></span> <span class='ocrx_word' id='word_1_102' title='bbox 571 1716 686 1769; x_wconf 82' lang='lat' dir='ltr'><strong>Mantua</strong></span> <span class='ocrx_word' id='word_1_103' title='bbox 696 1724 750 1769; x_wconf 82' lang='lat' dir='ltr'><strong>est:</strong></span> 
     </span>
    </p>

    <p class='ocr_par' dir='ltr' id='par_1_10' title="bbox 330 1791 815 1934">
     <span class='ocr_line' id='line_1_19' title="bbox 330 1791 815 1859; baseline 0 -16"><span class='ocrx_word' id='word_1_104' title='bbox 330 1798 455 1843; x_wconf 85' lang='lat' dir='ltr'><strong>censetur</strong></span> <span class='ocrx_word' id='word_1_105' title='bbox 464 1793 562 1859; x_wconf 82' lang='lat' dir='ltr'><strong>Apono</strong></span> <span class='ocrx_word' id='word_1_106' title='bbox 570 1791 651 1846; x_wconf 82' lang='lat' dir='ltr'><strong>Livio</strong></span> <span class='ocrx_word' id='word_1_107' title='bbox 662 1809 714 1844; x_wconf 90' lang='lat' dir='ltr'><strong>suo</strong></span> <span class='ocrx_word' id='word_1_108' title='bbox 723 1793 815 1856; x_wconf 91' lang='lat' dir='ltr'><strong>tellus,</strong></span> 
     </span>
     <span class='ocr_line' id='line_1_20' title="bbox 369 1865 787 1934; baseline 0.007 -18"><span class='ocrx_word' id='word_1_109' title='bbox 369 1865 507 1934; x_wconf 85' lang='lat' dir='ltr'><strong>Stellaque</strong></span> <span class='ocrx_word' id='word_1_110' title='bbox 516 1882 568 1918; x_wconf 89' lang='lat' dir='ltr'><strong>nee</strong></span> <span class='ocrx_word' id='word_1_111' title='bbox 575 1867 677 1919; x_wconf 86' lang='lat' dir='ltr'><strong>Flaeoo</strong></span> <span class='ocrx_word' id='word_1_112' title='bbox 688 1869 787 1919; x_wconf 90' lang='lat' dir='ltr'><strong>minus.</strong></span> 
     </span>
    </p>

    <p class='ocr_par' dir='ltr' id='par_1_11' title="bbox 330 1941 859 2082">
     <span class='ocr_line' id='line_1_21' title="bbox 330 1941 859 2007; baseline 0.008 -17"><span class='ocrx_word' id='word_1_113' title='bbox 330 1942 501 2007; x_wconf 73' lang='lat' dir='ltr'><strong>Apollodoro</strong></span> <span class='ocrx_word' id='word_1_114' title='bbox 515 1942 622 2007; x_wconf 85' lang='lat' dir='ltr'><strong>plaudit</strong></span> <span class='ocrx_word' id='word_1_115' title='bbox 631 1942 756 1994; x_wconf 89' lang='lat' dir='ltr'><strong>imbrifer</strong></span> <span class='ocrx_word' id='word_1_116' title='bbox 766 1941 859 2004; x_wconf 84' lang='lat' dir='ltr'><strong>Nilus3</strong></span> 
     </span>
     <span class='ocr_line' id='line_1_22' title="bbox 369 2015 715 2082; baseline -0.006 -15"><span class='ocrx_word' id='word_1_117' title='bbox 369 2015 479 2067; x_wconf 86' lang='lat' dir='ltr'><strong>Nasone</strong></span> <span class='ocrx_word' id='word_1_118' title='bbox 490 2015 597 2082; x_wconf 83' lang='lat' dir='ltr'><strong>Peligni</strong></span> <span class='ocrx_word' id='word_1_119' title='bbox 607 2021 715 2067; x_wconf 86' lang='lat' dir='ltr'><strong>sonant.</strong></span> 
     </span>
    </p>

    <p class='ocr_par' dir='ltr' id='par_1_12' title="bbox 331 2088 924 2230">
     <span class='ocr_line' id='line_1_23' title="bbox 331 2088 924 2157; baseline 0.008 -18"><span class='ocrx_word' id='word_1_120' title='bbox 331 2090 462 2157; x_wconf 87' lang='lat' dir='ltr'><strong>Duosque</strong></span> <span class='ocrx_word' id='word_1_121' title='bbox 474 2088 600 2152; x_wconf 84' lang='lat' dir='ltr'><strong>Senecas,</strong></span> <span class='ocrx_word' id='word_1_122' title='bbox 610 2091 773 2157; x_wconf 83' lang='lat' dir='ltr'><strong>unicumque</strong></span> <span class='ocrx_word' id='word_1_123' title='bbox 782 2089 924 2143; x_wconf 84' lang='lat' dir='ltr'><strong>Lucanum</strong></span> 
     </span>
     <span class='ocr_line' id='line_1_24' title="bbox 367 2163 760 2230; baseline 0 -15"><span class='ocrx_word' id='word_1_124' title='bbox 367 2164 485 2215; x_wconf 80' lang='lat' dir='ltr'><strong>facunda</strong></span> <span class='ocrx_word' id='word_1_125' title='bbox 496 2164 618 2230; x_wconf 87' lang='lat' dir='ltr'><strong>loquitur</strong></span> <span class='ocrx_word' id='word_1_126' title='bbox 623 2163 760 2216; x_wconf 85' lang='lat' dir='ltr'><strong>Corduba.</strong></span> 
     </span>
    </p>

    <p class='ocr_par' dir='ltr' id='par_1_13' title="bbox 332 2238 860 2365">
     <span class='ocr_line' id='line_1_25' title="bbox 332 2238 860 2305; baseline 0.006 -16"><span class='ocrx_word' id='word_1_127' title='bbox 332 2238 459 2290; x_wconf 85' lang='lat' dir='ltr'><strong>Gaudent</strong></span> <span class='ocrx_word' id='word_1_128' title='bbox 467 2239 581 2289; x_wconf 87' lang='lat' dir='ltr'><strong>iocosae</strong></span> <span class='ocrx_word' id='word_1_129' title='bbox 592 2238 678 2291; x_wconf 83' lang='lat' dir='ltr'><strong>Canio</strong></span> <span class='ocrx_word' id='word_1_130' title='bbox 691 2255 741 2291; x_wconf 91' lang='lat' dir='ltr'><strong>suo</strong></span> <span class='ocrx_word' id='word_1_131' title='bbox 754 2238 860 2305; x_wconf 82' lang='lat' dir='ltr'><strong>Gades3</strong></span> 
     </span>
     <span class='ocr_line' id='line_1_26' title="bbox 369 2312 710 2365; baseline 0.009 -3"><span class='ocrx_word' id='word_1_132' title='bbox 369 2314 491 2363; x_wconf 86' lang='lat' dir='ltr'><strong>Emerita</strong></span> <span class='ocrx_word' id='word_1_133' title='bbox 501 2312 625 2365; x_wconf 84' lang='lat' dir='ltr'><strong>Deciano</strong></span> <span class='ocrx_word' id='word_1_134' title='bbox 640 2329 710 2365; x_wconf 88' lang='lat' dir='ltr'><strong>meo.</strong></span> 
     </span>
    </p>

    <p class='ocr_par' dir='ltr' id='par_1_14' title="bbox 332 2387 838 2526">
     <span class='ocr_line' id='line_1_27' title="bbox 332 2387 838 2455; baseline 0.006 -17"><span class='ocrx_word' id='word_1_135' title='bbox 332 2390 381 2451; x_wconf 85' lang='lat' dir='ltr'><strong>Te,</strong></span> <span class='ocrx_word' id='word_1_136' title='bbox 393 2387 546 2451; x_wconf 87' lang='lat' dir='ltr'><strong>Liciniane,</strong></span> <span class='ocrx_word' id='word_1_137' title='bbox 556 2388 723 2455; x_wconf 80' lang='lat' dir='ltr'><strong>gloriabitur</strong></span> <span class='ocrx_word' id='word_1_138' title='bbox 732 2395 838 2453; x_wconf 89' lang='lat' dir='ltr'><strong>nostra,</strong></span> 
     </span>
     <span class='ocr_line' id='line_1_28' title="bbox 367 2462 725 2526; baseline 0.011 -15"><span class='ocrx_word' id='word_1_139' title='bbox 367 2477 418 2514; x_wconf 88' lang='lat' dir='ltr'><strong>nee</strong></span> <span class='ocrx_word' id='word_1_140' title='bbox 427 2477 469 2512; x_wconf 90' lang='lat' dir='ltr'><strong>me</strong></span> <span class='ocrx_word' id='word_1_141' title='bbox 479 2462 590 2526; x_wconf 85' lang='lat' dir='ltr'><strong>tacebit,</strong></span> <span class='ocrx_word' id='word_1_142' title='bbox 604 2462 725 2515; x_wconf 89' lang='lat' dir='ltr'><strong>Bilbilis.</strong></span> 
     </span>
    </p>

    <p class='ocr_par' dir='ltr' id='par_1_15' title="bbox 567 2552 814 2595">
     <span class='ocr_line' id='line_1_29' title="bbox 567 2552 814 2595; baseline -0.004 -1"><span class='ocrx_word' id='word_1_143' title='bbox 567 2553 602 2594; x_wconf 75' lang='lat' dir='ltr'><strong>bi.</strong></span> <span class='ocrx_word' id='word_1_144' title='bbox 626 2552 666 2594; x_wconf 88' lang='lat' dir='ltr'><strong>De</strong></span> <span class='ocrx_word' id='word_1_145' title='bbox 682 2553 814 2595; x_wconf 77' lang='lat' dir='ltr'><strong>Laevina.</strong></span> 
     </span>
    </p>
   </div>
   <div class='ocr_carea' id='block_1_8' title="bbox 295 2625 942 2770">
    <p class='ocr_par' dir='ltr' id='par_1_16' title="bbox 295 2625 942 2770">
     <span class='ocr_line' id='line_1_30' title="bbox 295 2625 942 2694; baseline 0.006 -20"><span class='ocrx_word' id='word_1_146' title='bbox 295 2625 379 2675; x_wconf 77' lang='lat' dir='ltr'><strong>Casta</strong></span> <span class='ocrx_word' id='word_1_147' title='bbox 388 2640 438 2675; x_wconf 90' lang='lat' dir='ltr'><strong>nee</strong></span> <span class='ocrx_word' id='word_1_148' title='bbox 448 2628 567 2694; x_wconf 87' lang='lat' dir='ltr'><strong>antiquis</strong></span> <span class='ocrx_word' id='word_1_149' title='bbox 578 2628 677 2680; x_wconf 79' lang='lat' dir='ltr'><strong>cedens</strong></span> <span class='ocrx_word' id='word_1_150' title='bbox 687 2629 811 2680; x_wconf 84' lang='lat' dir='ltr'><strong>Laevina</strong></span> <span class='ocrx_word' id='word_1_151' title='bbox 822 2626 942 2691; x_wconf 82' lang='lat' dir='ltr'><strong>Sabinis,</strong></span> 
     </span>
     <span class='ocr_line' id='line_1_31' title="bbox 333 2702 871 2770; baseline 0.011 -22"><span class='ocrx_word' id='word_1_152' title='bbox 333 2705 360 2750; x_wconf 89' lang='lat' dir='ltr'><strong>et</strong></span> <span class='ocrx_word' id='word_1_153' title='bbox 370 2702 493 2765; x_wconf 86' lang='lat' dir='ltr'><strong>quamvis</strong></span> <span class='ocrx_word' id='word_1_154' title='bbox 503 2704 601 2755; x_wconf 83' lang='lat' dir='ltr'><strong>tetrico</strong></span> <span class='ocrx_word' id='word_1_155' title='bbox 612 2704 720 2756; x_wconf 81' lang='lat' dir='ltr'><strong>tristior</strong></span> <span class='ocrx_word' id='word_1_156' title='bbox 728 2705 791 2770; x_wconf 88' lang='lat' dir='ltr'><strong>ipsa</strong></span> <span class='ocrx_word' id='word_1_157' title='bbox 800 2704 871 2766; x_wconf 83' lang='lat' dir='ltr'><strong>viro,</strong></span> 
     </span>
    </p>
   </div>
   <div class='ocr_carea' id='block_1_9' title="bbox 295 2775 1001 2920">
    <p class='ocr_par' dir='ltr' id='par_1_17' title="bbox 295 2775 1001 2920">
     <span class='ocr_line' id='line_1_32' title="bbox 295 2775 1001 2845; baseline 0 -20"><span class='ocrx_word' id='word_1_158' title='bbox 295 2775 358 2825; x_wconf 90' lang='lat' dir='ltr'><strong>dum</strong></span> <span class='ocrx_word' id='word_1_159' title='bbox 369 2776 452 2826; x_wconf 88' lang='lat' dir='ltr'><strong>modo</strong></span> <span class='ocrx_word' id='word_1_160' title='bbox 463 2775 593 2840; x_wconf 82' lang='lat' dir='ltr'><strong>Lucrino,</strong></span> <span class='ocrx_word' id='word_1_161' title='bbox 605 2780 688 2831; x_wconf 92' lang='lat' dir='ltr'><strong>modo</strong></span> <span class='ocrx_word' id='word_1_162' title='bbox 700 2794 729 2829; x_wconf 89' lang='lat' dir='ltr'><strong>se</strong></span> <span class='ocrx_word' id='word_1_163' title='bbox 740 2778 872 2845; x_wconf 85' lang='lat' dir='ltr'><strong>permittit</strong></span> <span class='ocrx_word' id='word_1_164' title='bbox 880 2777 1001 2835; x_wconf 81' lang='lat' dir='ltr'><strong>Avern03</strong></span> 
     </span>
     <span class='ocr_line' id='line_1_33' title="bbox 333 2849 869 2920; baseline 0.004 -21"><span class='ocrx_word' id='word_1_165' title='bbox 333 2857 360 2899; x_wconf 89' lang='lat' dir='ltr'><strong>et</strong></span> <span class='ocrx_word' id='word_1_166' title='bbox 370 2849 433 2900; x_wconf 90' lang='lat' dir='ltr'><strong>dum</strong></span> <span class='ocrx_word' id='word_1_167' title='bbox 443 2850 557 2903; x_wconf 84' lang='lat' dir='ltr'><strong>Baianis</strong></span> <span class='ocrx_word' id='word_1_168' title='bbox 568 2869 651 2920; x_wconf 86' lang='lat' dir='ltr'><strong>saepe</strong></span> <span class='ocrx_word' id='word_1_169' title='bbox 660 2852 768 2905; x_wconf 85' lang='lat' dir='ltr'><strong>fovetur</strong></span> <span class='ocrx_word' id='word_1_170' title='bbox 778 2852 869 2919; x_wconf 81' lang='lat' dir='ltr'><strong>aquis:</strong></span> 
     </span>
    </p>
   </div>
   <div class='ocr_carea' id='block_1_10' title="bbox 0 0 1380 3450">
    <p class='ocr_par' dir='ltr' id='par_1_18' title="bbox 0 0 1380 3450">
     <span class='ocr_line' id='line_1_34' title="bbox 0 0 1380 3450; baseline 0 3"><span class='ocrx_word' id='word_1_171' title='bbox 0 0 1380 3450; x_wconf 95' lang='lat' dir='ltr'><strong> </strong></span> 
     </span>
    </p>
   </div>
  </div>
 </body>
</html>
