2750 3450
435 384 750 455 urrannurunruu
777 386 845 432 nra.
870 386 914 433 rx.
1023 385 1071 436 aas

277 508 388 562 Videris
398 509 537 560 immensis
551 524 610 561 cum
621 509 792 560 conclamata
801 510 918 575 querelis

315 598 384 635 saxa
394 585 476 647 senis,
491 583 573 647 dices,
584 583 687 635 Durior
697 584 744 635 ille
754 583 814 635 fuit.

278 658 315 710 let
323 658 389 710 licet
399 657 453 709 hoc
462 659 561 710 addas:
576 658 670 709 Potuit
679 659 726 724 qui
736 660 805 709 talia
814 658 894 723 ferre,

228 752 231 795 ς
316 731 462 785 humanum
472 734 570 784 merito
581 733 695 783 tinxerat
704 733 753 783 ille
762 748 856 800 genus.

552 841 587 880 tt.
611 837 642 879 ln
661 835 793 879 Gellium.

281 931 386 984 Gellius
398 932 526 984 aedificat
535 947 653 998 semper:
668 931 751 982 modo
761 931 858 982 limina
868 934 955 997 ponit,

315 1023 388 1058 nunc
397 1007 502 1058 foribus
513 1007 602 1058 claves
614 1012 698 1072 aptat,
710 1007 827 1071 emitque
837 1022 925 1057 seras:

278 1097 350 1133 nunc
358 1080 418 1144 has,
428 1096 499 1132 nunc
508 1081 572 1131 illas
582 1086 669 1131 mutat
679 1081 818 1146 reficitque
828 1079 969 1133 fenestras.

315 1156 388 1207 Dum
399 1162 490 1207 tamen
501 1155 634 1218 aedificet,
649 1155 783 1221 quidlibet
792 1155 840 1206 ille
850 1154 932 1211 facit,

277 1233 369 1284 oranti
387 1245 511 1281 nummos
521 1235 552 1280 ut
563 1230 653 1280 dicere
663 1230 752 1296 possit
763 1231 861 1293 amico,

315 1321 397 1357 unum
407 1305 478 1356 illud
486 1305 596 1356 verbum
609 1302 722 1367 Gellius,
733 1305 864 1355 Aedifico.

538 1413 574 1452 48.
596 1409 628 1451 ln
646 1410 807 1452 Pannicum.

278 1502 464 1568 Democritus,
474 1503 608 1567 Zenonas,
619 1504 848 1571 inexplicitosque
858 1502 998 1568 Platonas,

228 1618 236 1645 Ι.
318 1579 451 1647 quidquid
461 1584 488 1630 et
497 1577 608 1630 hirsutis
617 1579 725 1646 squalet
737 1580 910 1645 imaginibus,

228 1676 231 1683 ·
277 1654 322 1706 sic
331 1654 410 1721 quasi
420 1652 594 1720 Pythagorae
604 1653 725 1721 loqueris
736 1669 878 1704 successor
887 1659 915 1704 et
924 1652 1015 1705 heresa

228 1733 232 1784 i
315 1730 483 1796 Praependet
491 1736 582 1781 mento
592 1745 643 1780 nec
651 1730 703 1779 tibi
716 1729 803 1779 barba
811 1730 908 1780 minor.

228 1787 234 1864 i
277 1802 345 1867 Sed,
356 1804 431 1872 quod
440 1810 467 1855 et
476 1802 593 1855 hircosis
604 1820 692 1855 serum
703 1810 752 1866 est,
768 1809 795 1853 et
804 1810 882 1868 turpe
891 1803 998 1869 pilosis,

228 1871 236 1932 ἰ,
315 1879 347 1929 in
356 1879 434 1930 molli
444 1878 562 1948 rigidum
574 1879 651 1930 clune
660 1879 778 1929 libenter
787 1875 880 1928 habes.

228 1931 234 2010 i
278 1954 334 2016 Tu,
346 1955 392 2020 qui
402 1960 537 2005 sectarum
549 1970 644 2006 causas
656 1959 682 2005 et
696 1954 818 2021 pondera
827 1942 918 2020 nosti,¹

319 2028 365 2080 dic
373 2027 449 2092 mihi,
460 2030 572 2095 percidi,
583 2029 711 2092 Pannice,
723 2028 823 2096 dogma
832 2025 916 2078 faciti

228 2111 231 2124 ’
548 2138 582 2178 ro.
606 2134 637 2176 ln
657 2132 806 2177 cantens.

277 2227 416 2279 lleredem
428 2243 487 2279 cum
497 2243 540 2280 me
550 2229 636 2295 partis
646 2228 706 2291 tibi,
719 2227 833 2290 Gallice,
843 2233 956 2295 quartae

316 2316 366 2369 per
375 2308 424 2353 tua
431 2304 537 2354 iurares
547 2318 626 2354 sacra
636 2309 771 2368 caputque
779 2308 868 2364 tuum3

228 2369 231 2384 '
279 2376 455 2441 credidimus,
467 2379 539 2445 (quis
550 2378 620 2428 enim
631 2378 741 2428 damnet
751 2392 801 2427 sua
809 2381 875 2427 vota
884 2374 1027 2438 libenteri)

318 2457 346 2502 et
355 2467 430 2518 spem
440 2452 595 2504 muneribus
606 2452 724 2504 fovimus
733 2466 818 2516 usque
829 2450 914 2501 datis:

276 2527 352 2578 inter
362 2541 432 2592 quae
443 2528 500 2577 rari
510 2526 672 2577 Laurentem
683 2525 813 2592 ponderis
822 2540 916 2591 aprum

318 2602 456 2664 misinrus3
470 2601 568 2652 Aetola
578 2602 612 2652 de
623 2601 764 2667 Calydone
774 2605 861 2665 putes.

276 2676 315 2727 nt
323 2681 355 2726 tu
365 2677 495 2727 continuo
505 2676 687 2743 populumque
698 2680 842 2741 patresque
851 2675 971 2725 vocasti:

319 2757 410 2802 ructat
420 2749 508 2801 adhuc
519 2766 612 2817 aprum
623 2751 726 2803 callida
735 2748 824 2800 Roma
833 2764 930 2800 meum.

278 2825 343 2894 lpse
353 2840 404 2892 ego
415 2826 488 2893 (quis
501 2825 621 2890 medati)
642 2826 758 2877 conviva
767 2839 817 2874 nec
825 2823 937 2875 ultimus
947 2822 1036 2875 hacsi:

316 2899 365 2952 red
376 2915 428 2951 nec
437 2904 516 2952 costa
525 2899 591 2951 data
600 2905 642 2952 est
653 2900 773 2952 caudave
784 2899 870 2950 missa
878 2897 958 2950 mihi.
