2750 3450
451 386 768 436 llltlttltammarun
794 388 863 434 ΜΒ.
885 387 917 434 X.
1038 386 1087 437 263

291 511 388 564 invide
397 526 475 577 quem
485 508 619 562 Lachesis
628 515 736 577 raptum
746 510 887 562 trieteride
896 527 978 575 nona,
988 518 990 523 ’

332 586 394 637 dum
405 586 654 652 numeratpalmes,
666 585 782 636 eredidit
794 600 854 636 esse
863 600 963 637 senem.

594 676 627 715 54.
651 671 682 715 la
702 670 787 715 (llum.

294 749 413 813 Menses,
425 749 484 812 Ole,
494 748 584 800 boues
592 749 686 815 ponlss
701 749 748 801 sed
759 749 839 816 ponls
850 755 968 817 opertas.

330 823 486 876 Ridiculum
496 829 551 875 est:
566 838 678 889 possum
688 824 730 874 sie
740 838 792 893 ego
801 823 902 876 habere
913 825 1007 878 bonas.

558 916 592 954 55.
613 910 644 952 ln
664 909 822 955 Marullum.

386 989 525 1040 Arrectum
536 989 644 1055 quoties
654 986 774 1039 Marulla
784 1004 879 1055 penem

386 1064 511 1130 pensavit
521 1063 624 1131 digitis,
635 1064 736 1129 diuque
748 1079 842 1114 mensa
852 1070 902 1126 est,

386 1138 481 1200 libras,
492 1137 632 1204 scriptule,
643 1139 818 1204 sextulasque
829 1138 904 1189 dicit

385 1212 459 1264 ldem
469 1218 534 1279 post
544 1227 613 1278 opus
621 1217 650 1265 et
658 1228 723 1264 suas
733 1213 885 1279 palaestras

385 1286 447 1339 loro
458 1302 518 1338 cum
528 1287 626 1338 siusilis
635 1288 709 1338 iaoet
721 1289 846 1350 remmus,

386 1368 488 1429 quanto
498 1362 536 1413 slt
544 1362 632 1413 letior
640 1361 761 1413 Marulla
770 1363 846 1414 diait.

386 1434 449 1488 Nou
459 1451 525 1504 ergo
534 1442 578 1487 est
586 1451 682 1488 manus
692 1438 755 1501 ists,
766 1438 815 1489 sed
824 1444 936 1489 statera

575 1527 610 1566 58-
634 1524 667 1567 In
685 1523 805 1566 Gallum.

293 1601 384 1665 Totis,
395 1598 484 1665 Galle,
492 1601 573 1652 inires
580 1601 633 1651 tibi
642 1614 686 1652 nse
697 1602 799 1653 servire
809 1601 914 1662 diebus,

331 1680 359 1729 et
367 1690 415 1743 per
423 1676 583 1728 Aventinum
592 1681 636 1727 ter
644 1681 742 1743 quater
749 1677 790 1727 ire
797 1681 883 1727 tuum.

292 1750 406 1816 Eximit,
417 1757 465 1803 out
473 1751 561 1803 relisit
571 1751 678 1802 durum
690 1750 839 1802 Cascellius
850 1765 973 1818 aegrum:

329 1824 445 1878 infestos
456 1826 545 1878 oculis
553 1827 619 1889 uris,
631 1824 742 1893 ngiua,
753 1826 835 1892 pilos.

291 1899 355 1954 Non
364 1906 440 1953 secet
449 1906 477 1952 et
484 1900 561 1952 tollit
570 1901 721 1953 stillantem
729 1901 851 1952 Fannius
860 1915 954 1952 uvam:

328 1976 421 2028 tristia
431 1991 570 2028 servorum
580 1978 712 2043 stigmata
721 1975 794 2028 delet
803 1975 882 2027 Eros.

291 2049 515 2103 Enterocelarum
524 2049 610 2104 fertur
618 2050 776 2103 Podalirius
786 2050 915 2102 ilerum

329 2126 376 2192 qui
386 2130 465 2178 sanet
473 2131 579 2191 ruptos,
590 2126 636 2178 die
643 2124 719 2190 milri,
732 2125 821 2189 Galle,
831 2125 893 2191 quis
903 2122 960 2178 est!

566 2216 601 2258 tl.
625 2213 667 2257 Ad
685 2213 810 2257 aaran.

291 2288 404 2356 Argenti
413 2287 511 2340 libram
521 2290 662 2342 nsittebess
676 2290 752 2341 laets
761 2290 863 2341 selibra
872 2294 923 2352 est,

330 2363 379 2415 sed
388 2364 500 2432 piperis.
529 2365 614 2415 Tanti
621 2380 678 2416 non
686 2379 758 2427 eno,
769 2363 860 2428 Sarte,
872 2364 959 2431 piper.

543 2455 578 2495 dt.
602 2452 642 2493 Ad
661 2452 832 2495 Frontinum.

292 2529 410 2581 Anxuris
421 2529 550 2597 aequorei
560 2528 695 2594 pleeidos,
706 2528 846 2591 Frontino,
858 2542 990 2586 mmm.

331 2610 359 2655 et
368 2605 481 2671 propius
490 2603 584 2666 Baias,
595 2604 776 2670 litoreamque
785 2604 905 2667 domum,

292 2684 321 2730 et
330 2678 405 2746 quod
413 2677 577 2730 inhumanae
587 2677 694 2729 Cunero
704 2678 825 2729 fervente
839 2678 951 2729 eieadu

329 2767 384 2805 non
394 2769 494 2805 novere
504 2768 607 2816 nemus,
618 2752 816 2820 flumineosque
824 2753 901 2805 lacus

292 2828 357 2879 dum
368 2828 456 2879 eolul:
471 2827 568 2879 domas
576 2834 666 2879 tecum
677 2827 815 2879 celebrere
824 2827 940 2880 vasatas

329 2901 468 2955 Pieridas:
479 2918 549 2955 uuae
559 2918 610 2955 uos
619 2904 740 2954 maxima
752 2901 840 2955 Roma
849 2904 924 2955 terit,
