2750 3450
307 362 359 415 224
593 362 810 412 maurinus

309 489 387 551 Quae
397 502 468 539 nuno
477 483 639 540 Thessalico
649 486 756 539 Lunam
771 487 905 540 deducere
915 484 1045 553 rhombo,

347 577 416 630 quae
426 563 495 614 uolet
504 560 556 613 hou
565 562 630 614 illos
639 563 757 615 vendere
766 563 829 614 lena
840 560 938 614 torosi

309 636 352 690 sit
361 637 412 689 tibi
422 644 496 689 terra
506 636 583 700 levir,
593 637 725 704 mollique
734 639 837 706 tegaris
848 653 942 702 arena,

346 717 437 764 notua
446 727 502 765 uon
511 713 619 779 possint
629 728 723 764 eruere
734 729 798 764 orsa
809 728 899 764 canes.

500 811 534 850 ³1.
558 806 590 849 Iu
609 809 747 862 pietatem
766 806 913 861 Nigrinum

310 883 504 951 Cappadocum
514 885 603 936 saevis
613 885 748 936 Antistius
758 885 861 936 occidit
870 886 927 937 oria
942 877 959 886 '¹

267 980 271 989 ¹
346 957 483 1012 Rusticum
502 960 609 1011 Otrirti
621 961 733 1012 crimine
742 965 816 1011 terra
825 957 941 1013 nocens!

308 1032 426 1086 Rettulit
435 1050 499 1087 ossa
509 1035 571 1086 sinu
581 1035 638 1086 cari
648 1033 764 1102 Nigrina
773 1035 874 1097 mariti,

348 1115 376 1160 et
387 1114 484 1176 questa
497 1116 540 1160 est
548 1108 646 1178 longae
656 1125 711 1160 non
721 1110 790 1160 satis
800 1125 859 1160 esse
869 1110 944 1161 viasz

310 1184 636 1251 cumquedaretsanetam
645 1183 767 1247 tumulis,
774 1183 872 1250 quibua
881 1184 1053 1248 inrideturu

346 1259 407 1312 visa
416 1258 470 1311 eibi
480 1263 522 1310 eet
530 1264 610 1325 rapto
620 1260 665 1310 bia
675 1259 788 1311 viduata
797 1260 868 1311 viro.

562 1354 596 1394 8².
621 1352 661 1394 De
679 1352 758 1396 Valli
776 1359 848 1396 voto.

309 1429 383 1498 Dum
393 1443 485 1480 oomeu
493 1427 602 1480 Arctois
613 1423 738 1481 haereret
750 1429 876 1481 Caesaris
886 1432 970 1483 armis

347 1501 452 1566 Velius,
463 1500 534 1554 haue
543 1502 628 1555 Marti
637 1519 688 1570 pro
700 1504 768 1557 duce
777 1507 853 1557 vovit
862 1520 950 1558 avem.

309 1578 390 1631 Luna
401 1582 496 1644 quater
505 1578 586 1629 binos
595 1594 651 1630 non
661 1585 722 1631 tota
732 1586 875 1648 peregerat
885 1581 976 1647 orbes,

348 1653 441 1706 debita
450 1653 583 1720 poscebat
590 1653 646 1704 lum
657 1655 712 1706 eibi
721 1660 787 1707 vota
797 1656 872 1707 deus.

309 1730 371 1797 lpee
381 1744 446 1781 suae
457 1744 537 1780 anser
546 1732 706 1797 properavit
715 1731 803 1782 laetus
814 1731 933 1796 adarna,

347 1810 375 1856 et
386 1804 597 1857 oeciditrauotie
610 1803 703 1857 hostia
716 1821 803 1872 parva
810 1805 891 1857 locis.

311 1880 381 1933 octo
392 1879 468 1932 vides
479 1880 573 1945 patulo
585 1880 702 1946 pendere
712 1882 877 1933 numismata
886 1886 979 1933 rostro

348 1954 441 2007 alitisl
460 1954 538 2005 llaec
548 1956 619 2005 extio
630 1955 742 2007 condita
751 1971 837 2022 nuper
846 1961 932 2007 erant.

311 2031 389 2093 Quae
398 2031 462 2081 litat
472 2036 584 2096 argento
595 2045 645 2095 pro
656 2036 692 2093 te,
706 2046 761 2081 nou
771 2032 910 2098 sanguiue,
920 2046 1004 2083 caesa

347 2106 468 2168 victima,
476 2105 533 2154 ium
543 2103 617 2155 ferro
628 2121 682 2156 uon
694 2121 763 2171 opus
773 2122 832 2156 esse
843 2106 933 2157 docet.

505 2196 539 2234 3³.
565 2191 678 2240 Qualem
697 2192 770 2236 velit
789 2194 910 2236 emicem.

309 2270 391 2323 Hane
400 2269 474 2332 volo,
485 2284 555 2335 quae
564 2268 666 2333 facilis,
677 2285 747 2336 quae
758 2269 904 2336 palliolata
914 2276 1046 2337 vagatur:

348 2345 419 2398 hano
428 2344 503 2407 volo,
516 2359 585 2410 quae
596 2360 680 2411 puero
692 2346 746 2395 iam
758 2344 834 2395 dedit
843 2351 906 2396 ante
916 2359 994 2396 meo:

309 2418 464 2482 benevolo,
476 2434 556 2485 quam
566 2420 678 2472 redimit
686 2425 774 2471 totam
785 2419 913 2470 denarius
924 2419 1008 2472 alter:

347 2495 418 2548 haue
427 2494 502 2557 volo,
513 2509 583 2560 quae
593 2495 697 2563 pariter
707 2495 808 2545 sufficit
816 2510 872 2544 uua
881 2494 979 2545 tribua.

310 2569 470 2623 Poscentem
480 2585 605 2623 nummos
615 2574 642 2622 et
651 2570 768 2636 grandia
777 2570 861 2621 uerba
871 2575 1015 2621 sonantem

347 2644 491 2714 possideat
502 2647 589 2699 craesi
598 2643 720 2697 mentula
728 2643 882 2711 Burdigali.

580 2738 614 2777 34.
639 2733 680 2775 Ad
698 2731 837 2775 Flaccum.

364 2808 490 2862 Audieris
500 2810 529 2860 iu
540 2825 603 2877 quo,
613 2808 723 2872 Flaoee,
735 2809 835 2861 balneo
845 2808 986 2876 plaurum3

365 2885 499 2937 morionis
509 2883 569 2936 illio
579 2899 639 2936 eree
649 2883 796 2935 mentulam
806 2884 887 2936 scito.
