2750 3450
449 348 768 397 EPIGRAMMATUM
794 349 862 397 ΗΒ.
887 348 929 394 Vl.
1033 342 1083 392 lii

292 470 420 522 Candida
429 487 484 522 non
494 472 736 538 tacitarespondet
746 473 865 539 imagine
875 470 997 537 Lygdus,

333 550 361 596 et
369 545 479 612 placido
489 545 576 614 fulget
584 547 660 598 vivus
670 548 699 597 in
711 563 757 597 ore
766 547 865 613 liquor.

292 620 382 671 Ludit
390 620 525 683 Acidalio,
537 622 649 671 sednon
658 637 754 672 manus
765 636 871 686 aspera,
880 619 963 681 nodo,

335 709 413 761 quem
423 696 515 762 rapuit
525 695 607 757 collo,
618 711 700 761 parve
711 695 826 762 Cupido,
837 701 893 744 tuo.

294 769 333 820 Ut
342 769 440 819 Martis
448 775 592 820 revocetur
602 784 679 820 amor
690 771 839 835 summique
850 767 991 829 Tonantis,

334 849 387 895 ate
396 843 463 895 luno
473 849 548 910 petat
557 849 650 895 ceston
661 850 688 895 et
697 846 758 911 ipsa
769 843 867 895 Venus.

560 951 593 989 14.
616 947 647 989 ln
665 949 820 991 Laberium.

388 1021 488 1074 Versus
499 1024 616 1074 scribere
626 1040 707 1090 posse
716 1030 744 1074 te
754 1024 871 1075 disertos

390 1099 517 1160 affirmas,
528 1096 641 1149 Laberi:
662 1099 727 1165 quid
742 1108 806 1166 ergo
817 1115 871 1149 non
881 1097 939 1150 visi
1007 1161 1010 1167 1

390 1172 490 1224 Versus
500 1174 617 1224 seribere
628 1175 674 1239 qui
684 1179 776 1239 potest
785 1175 911 1236 disertos,

388 1247 687 1311 nensesibat‚Labe1i;
703 1249 788 1300 virum
799 1249 911 1315 putabo.

438 1355 471 1396 1⁵.
494 1350 535 1393 Da
553 1351 671 1394 formica
690 1353 804 1396 sueeino
823 1350 943 1394 inclusa.

298 1431 372 1482 Dum
381 1426 568 1479 Phaethontea
576 1427 692 1480 formica
700 1429 966 1497 vagaturinumbra,

335 1503 471 1570 implicuit
479 1507 586 1554 tenuem
596 1505 707 1554 succina
716 1510 794 1571 gutta
803 1504 902 1557 ierom.v

299 1579 348 1632 Sia
357 1577 439 1629 modo
451 1591 520 1644 quae
530 1575 618 1628 fuerat
627 1579 684 1628 vita
695 1585 831 1630 contemta
839 1583 973 1640 manente,

337 1652 476 1704 funeribus
486 1650 560 1702 faeta
572 1658 613 1702 est
621 1669 693 1702 nune
701 1655 823 1719 pretiosa
832 1654 898 1703 suis.

565 1759 598 1799 16.
622 1756 662 1798 Ad
681 1757 821 1811 Priapum.

299 1837 344 1887 Tu
355 1834 401 1901 qui
410 1847 479 1900 pene
488 1833 563 1884 viros
573 1839 667 1896 terres,
678 1838 706 1883 et
715 1831 786 1883 falce
796 1832 934 1896 cinaedos,
988 1894 991 1898 .

337 1911 433 1976 iugera
441 1908 557 1974 sepositi
566 1923 655 1975 panea
663 1915 739 1959 tuere
749 1907 813 1957 loci.

300 1984 348 2037 Sic
357 1990 405 2034 tua
415 1997 470 2034 non
478 1983 580 2033 intrent
588 1982 673 2034 vetuli
683 1976 809 2048 pomaria
821 1982 908 2044 fures3

338 2058 386 2110 sed
395 2072 471 2125 puer,
482 2062 530 2108 aut
539 2057 629 2125 longis
639 2055 753 2124 pulchra
761 2058 853 2124 puella
866 2057 959 2108 comis.

556 2149 590 2188 1¹l.
613 2144 644 2186 ln
664 2144 831 2187 cinnamum.

393 2223 515 2286 Cinnam,
526 2221 664 2283 Cinname,
674 2227 702 2273 te
710 2222 788 2272 iubes
797 2224 898 2273 vocali.

392 2296 454 2349 Nou
464 2294 568 2359 aethio,
578 2312 656 2363 rogo,
667 2298 762 2359 Cinna,
771 2294 973 2347 barbarismusl

393 2373 436 2423 Tu
445 2373 470 2423 si
478 2371 576 2422 Furius
587 2376 648 2422 ante
659 2371 748 2422 dietus
759 2386 841 2434 esses,

392 2446 449 2498 Fur
457 2448 512 2498 ista
521 2447 628 2497 ratione
639 2446 777 2497 dicereris.

393 2554 426 2593 18.
449 2549 635 2605 Epitaphium
653 2548 796 2599 Salonini,
815 2549 848 2590 ael
866 2549 999 2591 Priscum.

302 2627 405 2680 Sancta
416 2625 542 2679 Salonini
550 2627 630 2677 terris
640 2626 786 2693 requiescit
794 2624 889 2689 lberis,

341 2716 395 2768 qua
405 2701 503 2753 melior
513 2700 624 2768 Stygias
633 2716 688 2751 non
699 2700 774 2751 videt
783 2700 879 2750 umbra
888 2700 994 2750 domos.

301 2775 357 2828 Sed
366 2776 459 2843 lugere
469 2775 558 2837 nefas3
573 2775 635 2825 nam
646 2776 738 2842 quite,
748 2774 849 2837 Prisce,
862 2773 983 2840 reliquit.

338 2851 416 2912 vivit,
426 2865 480 2917 qua
489 2851 578 2902 voluit
585 2851 675 2901 vivere
687 2854 763 2916 parte
774 2850 869 2917 magis.
