2750 3450
433 398 751 445 EPIGRAMMATUM
777 398 846 444 ΗΒ.
869 399 900 446 V.
1013 400 1061 452 121

528 520 562 561 ²1.
586 518 624 561 ue
643 516 805 573 Apollonio.

272 595 420 658 Qadnctum
430 609 481 662 pro
491 593 616 658 Decimo,
627 610 676 661 pro
688 594 797 656 Crasso
813 593 924 662 Regale,
940 593 1061 646 Macrum

311 674 374 723 mte
384 669 523 721 salutabat
531 667 624 721 rhetor
633 668 804 735 Apollonius.

272 742 353 796 Nunc
361 749 503 810 utrumque
514 760 564 795 auo
573 745 707 795 resalutat
715 744 833 795 nomine.
854 742 989 803 Quantum

312 833 377 870 cura
386 819 518 885 laborque
527 815 630 885 potest!
650 817 766 884 Scripsit
776 824 803 869 et
813 818 934 869 edidicit.

547 925 582 964 22.
605 922 636 964 In
654 921 792 965 Paullum.

273 999 356 1051 Mane
366 999 441 1051 domi
450 999 505 1050 nisi
513 1004 540 1050 te
550 999 635 1061 volui,
645 1000 785 1066 meruique
794 999 896 1061 videre,

311 1075 367 1126 sint
375 1073 450 1136 mihi,
464 1072 568 1136 Paulle,
578 1079 642 1124 tuae
652 1073 761 1141 longius
771 1073 924 1140 Exquiliae.

275 1147 329 1200 Sed
339 1149 499 1199 Tiburtinae
509 1163 568 1199 aum
578 1149 720 1215 proximus
731 1148 827 1199 accola
840 1149 921 1214 pilae,

313 1237 366 1289 qua
375 1222 450 1274 videt
460 1222 598 1288 antiquum
609 1223 713 1274 rustica
725 1219 810 1274 Flora
820 1222 919 1274 lovem.

274 1296 338 1347 Alta
347 1295 497 1348 Suburraui
505 1296 638 1348 vincenda
651 1304 693 1348 ert
703 1298 800 1349 remita
810 1297 883 1360 clivi,
905 1340 912 1357 ,

313 1376 340 1422 et
348 1385 484 1437 nunquam
494 1370 567 1423 ricco
579 1371 693 1423 cordida
701 1387 770 1423 saxa
778 1372 879 1440 gradu:

274 1445 373 1511 vixque
384 1445 464 1513 datur
473 1444 570 1513 longas
580 1446 715 1498 mulorum
725 1462 849 1513 rumpere
858 1447 999 1508 mandras;

314 1534 436 1586 quaeque
447 1517 520 1570 trahi
529 1521 614 1572 multo
625 1537 763 1573 mamona
771 1521 835 1572 fune
845 1521 930 1572 vides.

274 1593 346 1645 lllud
356 1592 446 1647 adhuc
454 1596 573 1661 gravina,
584 1596 657 1662 quod
666 1601 695 1647 te
704 1602 768 1662 pont
776 1596 851 1646 mille
861 1595 981 1659 laborer,
1025 1597 1028 1603 '

313 1667 417 1733 Paulle,
427 1673 510 1738 negat
518 1670 592 1723 laceo
601 1671 706 1721 ianitor
715 1685 775 1721 erre
785 1670 869 1721 domi.

275 1743 373 1796 Exitus
382 1742 428 1795 hic
438 1744 529 1810 operia
538 1746 611 1807 vani,
621 1746 786 1813 togulaeque
796 1746 944 1796 madentia:

312 1819 358 1871 vix
366 1819 437 1870 tanti
446 1817 571 1871 Paullum
581 1835 660 1870 mane
673 1819 766 1871 videre
776 1818 836 1869 fuit.

276 1891 389 1960 Semper
396 1891 559 1947 inhumanos
569 1892 652 1945 habet
662 1894 802 1945 oflicioauo
813 1894 929 1944 amicae:

312 1982 369 2030 rex,
378 1968 433 2019 nisi
443 1967 596 2032 dormieris,
608 1984 661 2021 non
671 1973 750 2035 poteo
760 1983 820 2020 ease
830 1983 914 2017 meus.

550 2077 583 2116 23.
608 2072 648 2114 lid
666 2051 787 2114 duarum.

275 2149 429 2201 Herbarum
438 2147 530 2200 iueraa
539 2149 658 2212 indutus,
666 2149 762 2212 Barac,
773 2148 890 2211 colores,

312 2224 375 2274 iura
384 2221 527 2275 theatralia
537 2223 599 2275 dum
610 2224 710 2276 siluere
719 2223 783 2274 loci.

278 2298 355 2359 Quae
364 2303 507 2365 postquam
519 2298 621 2364 placidi
631 2298 752 2350 censoris
769 2312 834 2348 eura
842 2297 949 2348 renasci

312 2372 402 2436 iussit,
412 2377 440 2423 et
450 2371 585 2424 Oceanum
597 2374 698 2424 certior
708 2372 785 2422 audit
795 2386 890 2437 equore

275 2462 332 2499 non
341 2447 397 2497 nisi
405 2447 448 2498 vel
462 2462 544 2498 cocco
554 2446 675 2509 madida,
685 2447 728 2497 vel
737 2446 840 2496 murice
853 2446 940 2495 tincta

313 2526 389 2572 vecte
398 2522 478 2583 niteo,
489 2527 516 2572 et
522 2527 551 2572 te
561 2522 602 2572 uic
613 2521 678 2572 dare
689 2519 773 2571 verba
783 2525 871 2585 putas.

277 2595 542 2663 Quadringentorum
552 2596 724 2655 calluerunt,
738 2593 833 2656 Basse,
843 2593 983 2644 lacernae:

314 2674 362 2722 aut
371 2685 447 2721 meua
457 2675 520 2720 aute
531 2685 623 2722 omnes
634 2668 739 2720 Cadmo
749 2665 861 2718 haberet
870 2681 975 2734 equum.
1062 2712 1065 2718 .

545 2760 579 2800 24,
603 2757 642 2799 lle
663 2756 802 2799 Hermaia.

381 2830 497 2885 Hermes
504 2832 612 2888 Martia
620 2835 711 2890 seculi
720 2834 874 2906 voluntem

369 2904 490 2961 Hermes
503 2914 638 2971 omuibus
650 2916 789 2973 eruditur
800 2914 913 2974 arui'ua's
