2750 3450
340 351 390 404 ree
438 322 446 347 ¹
624 353 844 402 nnnrrnrns

553 475 590 518 15.
613 472 651 515 De
670 473 775 526 effigie
795 472 917 515 Camoni.

377 542 503 610 Effigiem
512 545 617 593 tanturn
627 542 705 608 pueri
716 533 823 608 picture
833 541 949 592 Camoni

415 621 513 679 servat,
524 622 552 667 et
560 615 673 668 infantis
683 618 773 683 prima
782 617 869 683 figura
880 621 979 667 manet.

377 691 519 743 Florentes
530 692 606 741 nulla
616 692 735 758 signavit
744 691 863 758 imagine
874 690 974 753 vultus,

415 767 479 818 dum
487 767 566 817 timet
577 780 626 817 era
635 766 697 832 pius
707 771 783 816 muta
791 766 883 816 videre
893 770 982 831 pater.

558 864 592 902 te.
617 861 656 904 Dc
674 859 776 903 balneo
795 860 916 907 Tuceee.

378 935 441 988 Non
451 937 529 988 silice
540 936 618 1000 duro,
628 937 780 988 structilive
790 942 940 1000 caemento,

378 1026 429 1062 nec
437 1011 524 1071 latere
535 1016 623 1074 cocto,
634 1027 688 1078 quo
701 1011 859 1062 Semiramis
870 1011 982 1079 longam

378 1085 525 1152 Babylona
534 1087 627 1149 cinxit,
640 1086 733 1138 Tucca
742 1085 960 1137 balnenmtfecitz

378 1160 427 1212 sed
437 1165 527 1228 strage
537 1177 686 1224 nemorum,
696 1162 830 1228 pineaque
840 1175 982 1228 compage,

377 1240 408 1285 ut
416 1236 546 1302 navigare
558 1235 650 1287 Tucca
659 1235 758 1287 balneo
770 1236 869 1302 possit.

377 1309 453 1360 ldenr
463 1310 558 1361 beatas
568 1310 659 1361 lautus
669 1311 785 1361 exstruit
793 1307 912 1360 thermas
948 1317 955 1335 ⁸

378 1384 412 1434 de
422 1400 557 1435 marmore
569 1386 650 1448 omni,
662 1386 736 1451 quod
748 1384 880 1451 Carystos
890 1385 1006 1447 invenit,

378 1459 452 1524 qued
462 1457 584 1525 Phrygia
594 1459 711 1526 Synuas,
725 1458 792 1511 Afra
802 1459 875 1525 quod
889 1457 995 1509 Nomas
1005 1461 1098 1511 mittit.

378 1538 406 1584 et
416 1534 489 1599 quod
499 1534 597 1585 virenti
607 1533 683 1586 fonte
694 1534 764 1585 lavit
771 1534 899 1585 Eurotas.

378 1605 433 1660 Sed
442 1608 517 1676 ligna
527 1608 637 1661 desunt:
651 1609 746 1661 subice
755 1609 882 1662 balneum
891 1605 1017 1661 thermis.

552 1716 588 1758 Π.
613 1715 651 1757 De
670 1715 776 1768 effigie
795 1713 915 1756 Ueneni.

340 1790 419 1843 Haec
427 1797 490 1843 sunt
498 1791 549 1843 illa
558 1792 621 1855 mei,
632 1807 703 1859 quae
712 1792 832 1854 semitis,
844 1806 894 1842 ora
901 1790 1037 1843 (lamonie

378 1865 446 1918 haec
456 1866 628 1934 pnerifacies
639 1868 780 1934 primaque
789 1866 880 1917 forma
889 1865 951 1917 fnit.

342 1942 471 1993 Creverat
479 1939 525 1992 hic
533 1942 623 1993 vultus
632 1942 676 1992 bis
687 1943 763 1993 denis
773 1941 874 1992 fortior
885 1940 979 2004 aunis3

377 2017 567 2084 gaudebatque
577 2032 641 2068 snas
651 2018 762 2083 pingere
772 2016 860 2066 barba
869 2030 967 2082 genesz

341 2096 368 2144 et
377 2092 465 2142 libata
474 2091 557 2141 semel
567 2107 686 2142 summos
696 2091 780 2143 modo
790 2106 911 2157 purpura
921 2091 1027 2142 cultros

378 2171 524 2233 sparserat.
548 2165 649 2217 Invidit
659 2166 693 2216 de
701 2167 789 2217 tribus
799 2182 854 2216 una
864 2181 953 2227 soror,

340 2246 368 2292 et
376 2239 513 2291 festinatis
523 2240 621 2292 incidit
630 2242 749 2292 stamina
758 2242 863 2308 pensis3

378 2315 569 2380 absentemque
579 2316 651 2381 patri
661 2316 768 2370 rettulit
777 2331 846 2366 urna
855 2331 961 2381 rogum.

341 2387 395 2441 Sed
405 2405 438 2441 ne
449 2389 510 2441 sola
519 2395 609 2441 tamen
619 2405 732 2457 puerum
742 2391 850 2456 pictura
858 2390 998 2456 loquatur,

377 2463 446 2516 haec
456 2465 509 2516 erit
516 2465 546 2514 in
555 2463 657 2517 chartis
667 2467 758 2516 maior
766 2466 859 2532 imago
869 2465 946 2515 ineis

549 2573 584 2613 te.
609 2571 648 2613 De
667 2571 798 2612 convivio
818 2570 919 2611 Prisci.

291 2639 294 2646 '
380 2644 460 2707 Quod
471 2647 602 2711 optimum
613 2648 649 2698 rit
659 2647 781 2713 disputat
790 2648 944 2699 convivium

415 2718 533 2772 facunda
542 2720 629 2772 Prisci
639 2723 753 2789 pagina:

369 2800 399 2847 et
404 2796 495 2849 unite
505 2797 591 2866 dulci,
603 2798 693 2852 rnnlta
702 2795 918 2861 subiirnirciert,

394 2874 451 2928 sed
461 2885 566 2933 cuncta
577 2879 667 2935 docto
678 2883 809 2949 pectere.
