2750 3450
321 386 370 435 12⁰
607 386 821 433 MARTlALlS

323 510 437 571 Quando
449 509 536 576 magis
546 509 644 575 dignos
654 508 733 560 licuit
744 514 867 574 spectare
877 511 1057 577 triumphuni

360 585 475 644 Quando
486 583 607 634 Palatini
616 582 677 648 plus
688 599 809 635 meruere
820 582 882 634 deii

322 657 464 709 Pulchrior
474 665 502 709 et
511 659 599 708 maior
609 672 663 724 quo
674 659 724 710 sub
736 658 802 708 duee
812 657 916 708 Martia
926 657 1040 711 Romal

359 733 408 783 sub
420 748 472 799 quo
483 733 596 783 libertas
606 732 729 798 principe
739 738 817 783 tanta
827 731 894 782 fuiti

321 807 372 861 Est
380 813 470 857 tannen
479 805 533 858 hoc
542 807 646 868 vitium,
658 806 706 857 sed
716 823 771 857 nou
780 807 848 868 leve,
863 807 900 856 sit
911 806 981 859 lioet
989 824 1086 873 unum,

359 882 432 948 quod
444 881 511 932 colit
519 883 642 947 ingratas
652 896 756 946 pauper
767 881 913 931 amicitias.

323 955 392 1016 Quis
402 956 517 1023 largitur
527 971 592 1021 opes
603 956 688 1006 veteri
698 955 807 1022 fidoque
817 955 919 1019 sodali,

359 1037 407 1081 aut
418 1045 495 1098 quem
507 1030 680 1096 prosequitur
689 1046 744 1081 non
755 1031 859 1080 alienus
869 1029 973 1097 equesl

322 1104 518 1157 Satrunalitiae
528 1104 641 1171 ligulam
651 1105 759 1156 misisse
769 1104 896 1166 selibrae,

358 1179 545 1230 flammataeve
556 1185 638 1244 togae
648 1179 780 1244 scriptula
788 1183 848 1229 tota
858 1179 963 1242 decom,

321 1255 430 1306 luxuria
439 1259 489 1315 est,
499 1253 649 1320 tumidique
659 1259 760 1304 vocant
768 1251 836 1304 haec
845 1268 961 1304 inumera
975 1270 1067 1324 reges.

360 1329 414 1390 Qui
425 1333 516 1394 crepet
526 1327 662 1390 aureolos,
673 1326 790 1378 forsitan
799 1343 869 1379 unus
879 1328 941 1379 erit.

323 1405 461 1464 Quatenus
471 1401 498 1452 hi
509 1418 563 1452 non
574 1406 645 1464 sunt,
655 1406 714 1452 esto
725 1408 764 1464 tu,
775 1402 885 1465 Caesar,
896 1403 1014 1456 amicus.

358 1477 441 1527 Nulla
453 1477 530 1527 (lucis
539 1476 625 1526 virtus
636 1475 743 1527 dulcior
753 1492 812 1527 esse
823 1483 922 1543 potest.

322 1551 378 1601 lam
390 1552 489 1603 dudum
500 1551 585 1601 tacito
596 1550 678 1614 rides,
691 1549 861 1615 Gemanica,
871 1565 956 1603 uaso:

358 1626 425 1676 utile
437 1626 509 1692 quod
519 1625 608 1689 nobis,
619 1625 655 1678 do
666 1625 718 1677 tibi
728 1626 882 1678 consilium.

511 1809 545 1848 2⁰.
567 1805 608 1848 Ad
626 1803 729 1848 lulium
747 1802 918 1849 Martialem·

412 1930 441 1983 Si
452 1937 540 1983 tecum
550 1930 627 1995 milri,
640 1947 703 1983 care
711 1931 859 1996 Martialis,

412 2007 514 2057 securis
524 2007 607 2057 liceat
616 2005 671 2057 frui
681 2005 790 2068 diebus3

410 2082 436 2131 si
446 2081 590 2146 disponere
600 2086 707 2147 tempus
719 2083 847 2143 otiosum,

412 2160 440 2205 et
449 2169 529 2205 verae
539 2156 642 2220 pariter
651 2171 750 2206 vacare
759 2155 844 2206 vitae:

411 2245 461 2279 nec
471 2244 522 2279 nos
533 2230 612 2291 atria,
622 2244 673 2281 nec
683 2229 781 2282 domos
791 2233 942 2297 potentum,

411 2318 461 2353 nec
470 2302 533 2353 lites
543 2304 663 2367 tetricas,
673 2302 816 2372 lorumque
825 2304 904 2355 triste

410 2392 562 2441 nossemus,
572 2393 622 2429 nec
631 2378 766 2446 imagines
777 2377 923 2444 superbam

412 2452 460 2503 sed
469 2452 597 2518 gestatio,
607 2451 727 2515 fabulae,
740 2452 837 2515 libelli,

412 2541 532 2591 campus,
543 2528 674 2592 porticus,
683 2527 788 2590 umbra,
799 2527 886 2594 virgo,
896 2524 1038 2597 thermae3

411 2598 479 2651 haec
489 2606 579 2651 essent
588 2602 652 2653 loca
660 2617 775 2669 semper,
787 2600 822 2658 hi¹
830 2600 950 2653 labores.

411 2673 489 2725 Nunc
498 2674 566 2726 vivit
575 2675 630 2727 sibi
639 2680 743 2738 neuter,
753 2674 815 2739 heu,
825 2675 972 2744 bonosque

407 2748 483 2801 soles
494 2747 613 2820 effugere
624 2755 706 2819 atque
717 2750 791 2802 abire
806 2750 902 2810 sentin

399 2825 449 2894 qui
459 2827 547 2881 nobis
558 2833 688 2899 pereunt,
699 2828 920 2895 etimputantur.

392 2900 562 2976 Quisquam
572 2908 674 2964 rivere
685 2921 755 2961 oum
763 2896 1003 2965 serranorum&
