2750 3450
434 396 747 445 ΕΡΙΕΒΑΜΜΑἹἯΜ
774 398 843 446 ΜΒ.
869 397 915 445 lx.
1025 394 1075 447 ²35

399 518 434 558 65.
459 516 498 558 De
519 521 614 560 statne
635 515 767 560 Caesaris
786 517 950 560 Domitiani.

279 592 407 644 Herculis
416 593 445 642 in
455 593 547 659 magni
556 592 647 644 vultus
657 592 820 645 descendere
832 594 934 644 Caesar

317 667 454 734 dignatus,
465 666 564 717 Latiae
575 666 623 717 dat
631 682 705 718 nova
713 668 815 734 templa
825 669 895 731 riae,

280 758 335 809 qna
345 742 457 792 Triviae
466 756 613 792 nemorosa
623 743 692 808 petit
702 743 765 793 dnm
775 757 859 810 regna
868 745 967 807 viator,

317 816 449 867 Octavum
460 815 572 868 domina
580 831 703 867 marmor
712 818 746 867 ab
756 818 823 868 urbe
833 818 909 884 legit.

277 891 347 942 Ante
358 890 499 943 colebatur
507 892 581 942 rotis
591 897 619 941 et
628 893 760 958 sauguine
770 892 862 958 largo:

316 967 448 1017 maiorem
459 965 571 1016 Alciden
581 981 653 1016 nunc
662 967 752 1016 minor
761 967 820 1032 ipse
831 967 906 1018 colit.

277 1039 360 1092 Hunc
370 1055 483 1108 magnas
493 1045 574 1107 rogat
584 1040 653 1091 alter
664 1055 739 1106 opes,
753 1046 834 1107 rogat
843 1040 913 1093 alter
923 1040 1041 1095 honores

315 1116 359 1167 illi
370 1131 480 1167 securus
488 1120 555 1168 vota
565 1114 672 1167 minora
682 1113 758 1166 facit.

392 1223 425 1263 dd.
448 1219 487 1261 Ad
508 1218 669 1268 Herculem,
694 1221 726 1261 de
745 1220 841 1262 eadem
859 1223 962 1263 statua.

276 1296 382 1360 Alcide,
392 1295 475 1348 Latio
485 1312 557 1347 nunc
566 1296 739 1364 agnoscende
753 1297 883 1360 Tonanti,
956 1362 961 1369 ι

314 1377 461 1438 postquam
471 1369 585 1437 pulchra
594 1372 638 1422 dei
651 1371 778 1423 Caesaris
789 1387 839 1422 ora
849 1372 931 1439 geris,

278 1447 303 1497 si
313 1446 365 1496 tibi
374 1452 439 1497 tuno
447 1447 495 1497 isti
504 1446 595 1497 vultus
605 1444 769 1512 habitusque
781 1445 906 1509 fuissent,

317 1526 455 1572 cesserunt
464 1521 590 1572 manibus
603 1537 662 1571 curn
672 1520 732 1571 fera
741 1527 864 1572 monstra
873 1522 942 1584 tuin

277 1595 408 1663 Argolico
419 1595 550 1646 famulum
560 1601 651 1647 noute
662 1597 764 1647 servire
778 1601 896 1661 tyranno

314 1670 447 1723 vidissent
456 1677 559 1738 gentes,
570 1686 706 1737 saevaque
719 1685 804 1739 regna
814 1671 886 1737 pati=

277 1746 327 1797 sed
336 1752 367 1797 tu
376 1746 503 1797 iussisses
514 1744 682 1813 Eurysthea3
697 1761 747 1796 nec
757 1746 808 1795 tibi
819 1745 907 1798 lallax

315 1825 453 1888 portasset
461 1820 544 1873 Nessi
553 1820 658 1888 perlida
668 1821 742 1871 dona
750 1818 861 1873 Lichas.

278 1895 376 1947 Oetaei
385 1896 444 1947 sine
454 1896 513 1962 lege
523 1897 585 1962 rogi
595 1910 706 1946 secruus
719 1896 824 1946 adisses
868 1953 872 1958 .

315 1976 391 2021 astra
401 1972 487 2037 patris
497 1971 603 2033 summi,
615 1986 685 2038 quae
695 1970 747 2020 tibi
757 1985 847 2036 poena
857 1969 945 2021 dedit:

277 2042 373 2112 Lydia
382 2060 432 2096 nec
441 2045 568 2096 dominae
578 2046 711 2096 traxisses
722 2061 807 2111 pensa
818 2047 964 2112 superbae:

315 2136 365 2171 nec
375 2118 463 2187 Styga
472 2119 588 2171 vidisses
599 2120 815 2186 Tartareumque
826 2136 929 2171 canem.

277 2192 355 2246 Nunc
365 2195 418 2245 tibi
426 2193 494 2246 luno
505 2194 588 2257 favet,
597 2209 668 2245 nrmc
677 2200 705 2245 te
715 2202 763 2248 tua
774 2195 866 2263 diligit
876 2195 969 2248 Hebe:

313 2285 386 2322 nunc
394 2275 422 2320 te
432 2270 456 2320 si
466 2270 560 2321 videat
568 2268 698 2337 nympha,
709 2271 829 2322 remittet
839 2270 941 2338 Hylan.

537 2370 572 2410 dl·
595 2367 636 2409 Ad
654 2366 813 2412 Fabullum.

277 2442 353 2495 Uxor
364 2460 423 2495 cnm
433 2444 484 2495 tibi
495 2444 532 2496 sit
540 2443 674 2506 formosa,
683 2445 793 2510 pudica,
803 2444 905 2510 puella,

316 2534 370 2585 quo
380 2519 433 2569 tibi
443 2524 570 2570 natorum
581 2520 650 2581 iura,
660 2518 784 2581 Fabulle,
794 2516 893 2569 triurnl

279 2593 359 2655 Quod
370 2594 442 2661 petis
452 2599 573 2646 anostra
584 2593 699 2659 supplex
710 2593 876 2660 dominoque
890 2592 1007 2659 deoque,

313 2673 343 2719 tu
354 2668 434 2720 dubis
443 2669 503 2735 ipse
513 2668 574 2732 tibi,
586 2669 610 2719 si
620 2673 699 2734 potes
709 2668 838 2735 arrigere.

532 2766 566 2805 ds.
589 2762 621 2805 In
640 2761 818 2816 Aeschylon.

277 2838 424 2894 Lascivam
434 2843 497 2891 totu
507 2839 619 2907 possedi
628 2844 709 2892 nome
719 2840 847 2906 puellam,

316 2916 393 2968 cuius
402 2915 542 2983 nequitias
551 2915 660 2967 vincere
668 2930 750 2968 nemo
760 2920 863 2985 potest·
