2750 3450
1107 462 1113 511 θ

308 601 340 651 m
595 576 808 649 muneratus

308 724 441 777 Nimirum
451 724 543 777 timuit
551 730 660 776 nostras
669 724 792 776 Fortuna
803 723 938 791 querelas,
982 754 984 758 -

346 815 415 866 quae
425 815 475 867 par
483 805 540 850 tam
549 814 665 866 magnae
674 815 730 851 non
739 804 798 851 erat
806 798 937 850 invidiae.

308 873 386 926 Nune
396 880 424 925 et
433 874 649 925 damnaiuvantt
669 879 732 924 aunt
741 872 1034 940 ipaaperiuulutantir

345 949 448 1003 stantia
456 964 512 1001 nau
521 953 650 1015 poterant
658 954 732 999 terta
741 948 858 1014 probare
868 947 945 999 deos.

528 1091 561 1131 14.
585 1087 625 1131 Da
639 1085 724 1129 Arria
743 1089 771 1128 at
783 1084 881 1127 Paeto.

309 1181 392 1232 casta
402 1196 453 1232 auu
462 1181 584 1248 gladium
594 1197 654 1231 eum
662 1181 785 1231 traderet
796 1179 876 1229 Arria
885 1177 983 1243 Paeto,
1062 1238 1064 1243 ,

347 1271 425 1322 quem
436 1255 469 1306 de
478 1256 628 1306 visceribus
638 1259 761 1305 traxerat
769 1254 831 1318 ipsa
841 1253 911 1303 suis:

306 1331 333 1380 'si
343 1346 397 1397 qua
408 1330 484 1392 fides,
494 1328 607 1390 Vulnus,
619 1329 693 1395 quod
702 1326 765 1389 teci,
776 1344 831 1377 uon
842 1327 925 1389 dolet,
934 1327 1038 1395 inquit,

345 1405 393 1456 sed
404 1404 476 1471 quod
486 1409 516 1454 tu
526 1402 621 1464 facies,
631 1400 684 1454 hoe
694 1400 770 1464 mihi,
781 1400 873 1465 Paete,
887 1401 972 1453 dolet.

569 1544 602 1583 15.
628 1540 668 1582 Ad
685 1540 839 1583 Caesarem.

310 1635 441 1698 Delicias,
450 1634 559 1697 Caesar,
569 1634 699 1701 lususque
708 1635 841 1702 iocosque
850 1633 960 1685 leonum

345 1709 477 1761 vidimus:
495 1708 548 1761 hoc
558 1710 640 1761 etiam
651 1714 774 1777 praestat
783 1724 866 1760 arena
875 1709 940 1771 tibi3

309 1800 368 1835 cum
379 1799 491 1850 prensus
501 1786 602 1837 blando
612 1786 696 1836 toties
707 1800 724 1835 a
734 1785 813 1835 dente
825 1784 935 1847 rediret,

345 1864 373 1910 et
381 1874 430 1925 per
439 1865 533 1925 aperta
543 1875 629 1927 vagus
640 1866 759 1910 curreret
769 1874 819 1910 ora
830 1859 916 1925 lepus.

310 1934 385 1985 Unde
395 1938 486 2000 potest
497 1935 592 1986 avidus
603 1941 700 2001 captae
714 1934 758 1985 leo
770 1949 881 2000 parcere
891 1933 1028 1999 praedaei

345 2007 399 2061 Sed
411 2016 502 2061 tamen
511 2025 570 2062 esse
581 2015 643 2062 tuus
654 2010 768 2072 dicitur3
788 2024 853 2076 ergo
863 2013 963 2074 potest.

592 2151 625 2192 tt.
652 2148 693 2190 Ad
706 2146 816 2190 Iulium.

309 2240 410 2294 onitu
419 2247 484 2309 post
495 2241 597 2303 nullos,
605 2240 667 2303 luli,
681 2240 857 2291 memorande
867 2239 989 2304 sodales,

344 2317 444 2383 siquid
456 2317 539 2382 longa
551 2315 618 2366 fides
629 2320 757 2381 castaque
769 2315 830 2365 iura
839 2314 941 2377 valent,

308 2392 350 2443 bia
360 2392 416 2441 iam
426 2406 511 2457 paene
521 2389 572 2440 tibi
582 2387 677 2440 consul
687 2389 842 2454 trigesimus
851 2390 945 2451 instat,

345 2471 373 2516 et
382 2470 505 2516 numerat
514 2479 617 2530 paucos
627 2464 674 2514 vix
683 2469 731 2514 tua
741 2465 799 2513 vita
809 2464 876 2514 dies.

308 2540 370 2592 Non
380 2540 448 2590 bene
459 2539 606 2600 distuleris,
616 2537 711 2588 videas
722 2553 791 2604 quae
801 2554 881 2604 posse
892 2539 1002 2604 negem

346 2619 373 2665 et
382 2614 470 2664 solum
484 2611 537 2664 hoc
548 2613 640 2675 ducas,
652 2612 726 2679 quud
736 2612 797 2676 fuit,
808 2628 867 2664 esse
877 2620 961 2663 tuum.

309 2689 475 2754 Exspectant
485 2702 618 2754 curaeque
629 2688 801 2754 catenatique
812 2688 935 2739 labores:

345 2763 447 2830 gaudia
456 2778 511 2812 non
520 2769 668 2826 remanent,
682 2762 731 2813 sed
745 2761 862 2830 fugitiva
870 2762 973 2813 volant.

308 2838 386 2889 Haec
395 2842 510 2903 utraque
519 2853 602 2888 mauu
612 2838 808 2905 complexuque
819 2852 910 2889 assere
919 2841 995 2886 toto:

344 2927 426 2978 saepe
438 2910 523 2962 fluunt
531 2913 588 2964 imo
599 2913 639 2963 sic
650 2928 757 2980 quoque
767 2914 846 2979 lapsa
855 2912 925 2962 sinu.

307 2987 332 3038 N
335 3003 370 3039 on
381 2991 430 3049 est,
441 2986 520 3037 erede
531 2985 608 3051 mihi,
618 2988 751 3053 sapientis
760 2987 858 3048 dicere,
873 2985 981 3036 Vivam.

344 3060 412 3113 Sera
421 3062 503 3112 nimis
513 3062 570 3113 vita
580 3068 621 3114 est
631 3063 765 3114 crastina:
784 3062 845 3113 vive
860 3059 953 3113 hodie.
