2750 3450
405 378 722 426 EPIGRAMMATUM
744 380 812 427 ota.
828 380 885 427 xu.
991 379 1039 431 313

513 501 546 541 tt.
570 497 601 540 Iu
620 498 775 541 Leontinum.

268 604 341 653 ¹‚uare
351 599 407 642 tam
417 592 510 643 multis
521 607 537 642 a
547 596 584 655 te,
595 590 719 654 Lentino,
730 591 826 643 diebus

285 682 341 718 non
352 667 433 718 abeat
442 665 534 730 febris,
546 667 663 733 quaeris,
674 670 702 717 et
711 680 796 732 usque
804 667 899 734 gemis.

268 741 379 792 testatur
388 747 477 793 tecum
487 741 598 807 pariter,
609 740 765 807 pariterque
774 741 897 794 lavatura

286 820 385 868 coenat
394 816 512 878 boletos,
523 820 623 878 ostrea,
633 830 736 878 tumen,
748 830 851 880 aprum.

271 890 333 941 bria
343 888 436 941 Setino
448 889 478 940 fit
487 904 578 955 saepe,
589 895 616 940 et
625 904 707 954 saepe
716 889 848 942 Falerno:

284 979 334 1015 neo
343 965 397 1015 nisi
407 979 456 1031 per
465 964 571 1015 niveam
583 963 710 1015 Caecuba
718 969 798 1030 potat
808 979 915 1031 aquam.

269 1037 418 1090 ircumiuea
429 1039 510 1101 roais,
520 1042 548 1089 et
556 1038 636 1105 nigra
645 1039 778 1089 recumbit
788 1054 911 1104 amom03

285 1113 387 1164 dormit
396 1120 423 1165 et
432 1113 461 1163 in
471 1113 564 1178 pluma
573 1128 763 1180 purpureoque
773 1119 845 1166 toro.
854 1106 856 1112 '

269 1203 315 1237 um
327 1188 364 1239 ait
373 1189 398 1239 ei
408 1185 528 1254 pulchre,
540 1202 600 1238 cum
609 1193 665 1238 tam
675 1187 745 1239 bene
754 1188 830 1239 vivat
840 1189 912 1257 apud
920 1194 960 1254 tt,

284 1262 319 1313 ad
330 1261 445 1313 Damam
456 1262 549 1328 potius
559 1263 600 1314 vis
609 1268 658 1312 tua
666 1261 751 1314 febris
761 1261 822 1314 eati

497 1378 531 1418 ta.
555 1375 595 1417 aa
613 1373 782 1419 Iuvenalem.

337 1467 408 1519 Dum
417 1473 448 1519 tu
458 1467 574 1520 forsitan
583 1469 722 1535 inquietus
733 1483 809 1522 errae

337 1543 467 1606 clamosa,
479 1543 625 1606 iuvenalis,
635 1545 664 1594 in
676 1542 792 1607 Subura,

337 1622 385 1669 aut
393 1617 490 1669 ooilem
501 1619 628 1669 dominae
638 1619 705 1669 teris
714 1617 836 1670 Dianaer

337 1692 400 1744 dum
410 1707 459 1758 per
468 1692 564 1744 iimina
573 1697 601 1743 te
611 1692 796 1758 potentiorum

337 1768 460 1819 oudatrix
468 1774 536 1835 toga
545 1768 667 1829 ventilat,
681 1782 833 1834 vagumque

336 1842 426 1893 maior
437 1841 547 1893 Coelius
557 1848 585 1894 et
594 1844 684 1893 minor
693 1841 824 1909 fatigant:

336 1931 378 1967 me
388 1916 489 1968 multoe
501 1918 617 1984 repetita
627 1922 691 1983 poet
699 1916 865 1969 Decembres
965 1928 967 1933 '

337 1992 442 2057 accepit
452 2006 513 2042 mea
521 1993 706 2058 rusticumque
715 1990 782 2063 fecit

337 2081 403 2116 auro
413 2065 522 2117 Bilbilis
532 2073 559 2118 et
567 2067 685 2134 superba
694 2064 777 2118 ferro.

336 2139 391 2191 Hie
399 2140 472 2208 pigri
483 2140 597 2192 colimur
606 2141 702 2193 labore
713 2141 787 2191 dulei

334 2207 492 2278 Boterdum,
501 2214 691 2283 Plateamque:
707 2214 851 2267 Celtiberia

335 2288 402 2341 haec
412 2296 474 2341 runt
482 2291 595 2342 uomina
604 2292 742 2343 crassiora
751 2292 840 2342 terris.

335 2363 440 2432 Ingenti
450 2364 528 2415 fruor
536 2366 717 2431 improboque
726 2381 833 2428 somno,

336 2454 414 2506 quem
426 2454 475 2490 nee
484 2440 567 2490 tertia
576 2455 658 2507 saepe
668 2442 769 2505 rumpit
778 2438 855 2502 hora,

335 2520 362 2564 et
372 2518 458 2565 totum
470 2512 536 2564 mihi
545 2529 617 2564 nuno
626 2529 740 2580 repono,
751 2513 883 2581 quidquid

335 2593 376 2639 ter
385 2588 470 2640 denos
480 2587 656 2655 vigilaveram
667 2603 716 2654 per
728 2603 822 2638 annos.

336 2662 433 2729 ignota
444 2670 485 2714 est
493 2670 573 2729 togae
589 2661 636 2713 sed
647 2662 728 2713 datur
738 2661 840 2728 petenti

333 2744 415 2803 rupta
425 2738 551 2803 proxima
560 2737 644 2787 vestio
654 2753 669 2788 e
680 2735 819 2788 cathedra.

336 2810 493 2879 Stugeutem
503 2810 581 2863 focus
592 2812 695 2878 excipit
704 2811 820 2879 superba

334 2886 418 2939 vieini
428 2892 502 2938 strum
513 2887 601 2938 cuitus
613 2886 712 2949 iiieefi,
