2750 3450
308 336 341 386 78
599 339 817 389 MARTIALIS

364 463 565 515 somniculosos
575 463 623 515 ille
633 464 752 532 porrigit
761 465 861 531 glires3

361 535 408 589 hic
417 540 570 606 vagientem
581 541 676 591 matris
687 539 814 606 hispidae
824 538 931 604 setum3

363 613 434 664 alius
447 620 559 665 coactos
569 631 624 666 non
636 631 728 667 aurare
740 631 869 680 capones.

362 688 399 739 Et
410 689 483 740 dona
493 696 608 741 matrum
619 692 740 742 vimineo
752 689 843 741 lerunt
852 695 935 742 texto
1013 724 1030 749 ,

361 765 479 831 grandes
490 766 637 831 proborum
649 767 770 832 virgines
781 765 961 818 colonorum.

362 839 448 892 Facto
460 847 574 892 vocatur
584 841 673 893 laetus
684 856 767 907 opere
777 841 893 904 vicinus,

361 931 412 966 nec
424 931 508 966 avara
518 925 609 969 servat
619 918 754 970 crastinas
765 917 850 984 dapes
863 933 974 983 mensa,

361 997 506 1042 vescuntur
517 1007 619 1056 omnes,
631 993 763 1058 ebrioque
773 1008 827 1044 non
838 993 921 1045 novit

362 1072 438 1119 satur
447 1067 573 1119 minister
581 1068 706 1119 invidere
717 1068 858 1118 convivae.

361 1142 396 1192 At
406 1148 435 1192 tu
446 1142 495 1193 snb
506 1143 573 1193 urbe
583 1143 710 1208 possides
721 1140 821 1193 famem
831 1143 976 1208 mundam,

361 1223 389 1268 et
397 1223 471 1268 turre
483 1217 517 1267 ab
529 1218 586 1269 alta
597 1219 734 1284 prospicis
744 1233 834 1268 meras
844 1217 953 1284 laurus,

361 1291 447 1343 iurem
458 1291 561 1360 Priapo
572 1308 628 1344 non
638 1294 751 1344 timente
761 1308 883 1344 securus.

360 1367 397 1417 Et
406 1369 551 1419 vinitorem
562 1367 635 1419 farre
644 1369 737 1435 pascis
747 1369 863 1431 urbano,

361 1444 516 1509 pictamque
527 1452 622 1510 portas
634 1445 742 1495 otiosus
754 1444 790 1495 ad
800 1444 896 1495 villam

361 1517 437 1581 Olus,
449 1534 510 1581 ova,
522 1519 621 1585 pullos,
632 1534 725 1585 ponsa,
737 1535 856 1582 caseum,
869 1525 1004 1572 mustum.

360 1591 417 1644 Rus
428 1592 481 1645 boc
491 1596 587 1647 vocari
598 1595 687 1659 debet,
700 1611 735 1646 an
750 1595 848 1646 domus
862 1593 964 1662 longel

507 1738 543 1779 59.
568 1736 607 1779 Da
627 1740 724 1780 sutoro
742 1741 770 1779 et
786 1733 905 1780 fullone.

308 1844 390 1897 Sutor
401 1847 483 1899 cerdo
495 1849 571 1899 dedit
579 1849 641 1912 tibi,
654 1849 728 1900 culta
738 1848 875 1910 Bononia,
886 1862 1002 1899 munus:

344 1921 413 1974 fullo
425 1923 502 1974 dedit
511 1924 649 1975 Mutinae:
668 1924 802 1975 nuncubi
818 1938 906 1989 caupo
922 1923 1021 1976 dabiti

574 2066 608 2107 60.
634 2061 664 2104 lo
680 2063 837 2105 Ponticum.

307 2157 375 2208 Cum
386 2173 469 2208 vocer
480 2157 514 2208 ad
526 2173 648 2220 coenam,
659 2173 715 2208 non
726 2158 781 2208 iam
793 2156 907 2221 venalis,
918 2164 950 2209 ot
960 2166 1034 2225 ante,

345 2249 392 2284 our
402 2231 470 2283 mibi
480 2249 535 2284 non
546 2232 650 2295 eadem,
663 2248 732 2300 quae
743 2234 803 2296 tibi,
815 2248 902 2284 coena
912 2233 1012 2285 daturi

308 2308 406 2359 Ostrea
416 2314 446 2359 tu
456 2308 540 2359 sumis
552 2314 650 2375 stagno
661 2313 786 2360 saturata
795 2307 931 2360 Lucrino:

343 2384 460 2434 sumitur
469 2385 557 2435 inciso
568 2383 681 2450 mytilus
694 2400 741 2435 ore
752 2382 830 2436 mibi.

308 2457 376 2509 Sunt
386 2460 438 2510 tibi
447 2459 547 2511 boleti:
564 2458 664 2526 fungos
675 2474 726 2526 ego
738 2474 816 2510 sumo
828 2458 935 2509 suillos.

344 2533 398 2585 Res
408 2536 460 2585 tibi
472 2552 531 2586 cum
542 2533 657 2587 rhombo
669 2541 723 2587 est:
741 2541 769 2585 at
779 2532 847 2585 mihi
858 2550 918 2585 cum
928 2534 1055 2600 sparulo.

309 2610 409 2661 Cereus
419 2611 575 2663 immodicis
585 2617 675 2661 turtur
684 2615 712 2661 te
724 2611 849 2662 clunibus
859 2609 969 2676 implet:

345 2687 458 2752 ponitur
467 2687 496 2737 in
508 2702 593 2737 cavea
602 2692 712 2737 mortua
723 2688 786 2753 pica
795 2684 872 2737 mihi.

310 2761 363 2811 Cur
371 2761 432 2811 sinc
442 2766 469 2813 te
480 2777 576 2829 coeno,
589 2778 649 2813 cum
658 2767 761 2826 tecum,
769 2761 896 2823 Pontice,
905 2762 1037 2813 coenem!

330 2834 469 2903 Spartaria
481 2840 559 2909 quod
570 2857 631 2896 non
641 2845 696 2907 est,
705 2839 815 2909 orosii:
830 2834 1044 2888 edamusibem.
