2750 3450
385 348 701 401 EPIGRAMMATUM
727 355 794 400 utu.
812 354 844 400 X.
963 351 1012 403 273

328 475 463 528 Infamata
473 477 560 528 virum
569 477 663 544 puella
672 458 764 531 vicitY.
780 476 790 523 ⁸.

328 567 407 603 veros
422 549 619 618 sardonychas,
633 551 682 602 sed
691 552 753 618 ipsa
762 550 861 602 madet.

328 626 447 678 Mirator
457 633 576 677 veterum
586 641 668 678 senex
679 641 792 677 avorum

329 702 413 753 donet
422 700 548 753 Phidiaci
558 707 683 752 toreuma
694 700 772 752 caeli.

328 775 451 831 Venator
460 777 590 842 leporem,
602 775 716 827 colonus
726 774 853 837 hoedum,

328 852 452 918 piscator
461 850 532 902 serat
542 864 690 917 aequorum
701 850 822 916 rapinas.

327 925 358 977 Si
370 926 455 976 mittit
464 941 515 976 sua
525 925 647 992 quisque,
658 924 724 991 quid
734 929 844 990 poetam

328 1001 473 1052 musarum
482 1001 542 1063 tibi,
555 998 699 1060 Restituta,
711 997 816 1050 credis?

499 1107 533 1146 88.
559 1103 597 1145 Ad
618 1103 737 1146 Cottam.

269 1198 321 1233 sues
331 1181 502 1248 persequeris
513 1187 677 1247 praetorum,
690 1179 781 1243 Cotta,
790 1179 915 1237 locellos,

269 1257 361 1324 accipis
374 1262 402 1306 et
412 1271 501 1307 ceras:
518 1256 657 1306 officiosus
667 1253 750 1307 homo
761 1270 799 1306 es.

438 1346 472 1386 89.
497 1343 536 1385 De
556 1350 653 1385 statua
672 1342 797 1385 lunonis.

269 1404 299 1494 Ι,0,
311 1421 398 1485 labor,
410 1419 560 1486 Polyclete,
571 1426 634 1471 tuus
643 1426 671 1470 et
679 1420 771 1486 gloria
780 1418 861 1482 fclixs

269 1495 407 1547 'hidiacae
419 1501 547 1561 cuperent
556 1510 637 1562 quam
651 1494 896 1558 meruissemus,

269 1572 349 1623 ¹nitet
357 1577 445 1633 tauto,
457 1576 559 1637 quanto
571 1575 728 1635 superasset
737 1569 765 1618 in
776 1569 826 1619 lda

269 1646 348 1696 udice
360 1646 499 1696 convictas
510 1659 565 1694 non
576 1644 718 1694 dubitante
730 1643 803 1692 deas.

269 1737 361 1784 onem,
373 1719 523 1787 Polyclete,
534 1735 610 1771 suam
620 1719 675 1769 nisi
685 1717 770 1769 frater
781 1725 893 1781 amaret,

272 1810 389 1848 unsruem
399 1800 509 1861 poterat
518 1794 603 1845 frater
614 1808 706 1844 amare
719 1801 803 1843 tuam.

492 1887 526 1926 90.
550 1881 581 1923 ln
600 1878 749 1933 nigellam.

315 1959 389 2022 Quid
398 1959 477 2011 vellis
487 1959 615 2022 vetulum,
627 1957 745 2024 Ligula,
757 1957 889 2009 crsnnumt

314 2035 380 2102 quid
394 2035 469 2086 busti
483 2035 587 2086 cineres
597 2035 637 2084 tui
652 2031 782 2084 lacessiri

314 2110 398 2161 Tales
408 2110 558 2161 munditiae
568 2110 665 2161 decent
675 2107 789 2174 puellas.

315 2184 385 2236 Nam
395 2191 425 2235 tu
434 2185 490 2236 iam
500 2199 550 2235 nec
561 2200 628 2235 anus
638 2189 717 2250 potes
726 2182 822 2233 videri.

314 2259 399 2323 Istud,
411 2259 490 2310 crede
502 2256 577 2321 mihi,
588 2257 705 2325 ingeila,
716 2257 787 2307 belle

315 2350 370 2386 non
380 2340 467 2384 mater
476 2332 544 2384 facit
554 2332 693 2394 Hectoris,
704 2332 752 2382 sed
763 2346 840 2381 uxor.

315 2408 407 2472 Erras,
419 2409 444 2459 si
452 2408 505 2459 tibi
516 2424 618 2459 cunnus
630 2406 675 2458 hic
685 2406 801 2466 videtur,

316 2484 352 2536 ad
362 2499 441 2551 quem
450 2483 571 2535 mentula
581 2482 716 2549 pertinere
727 2480 805 2531 desit.

316 2558 408 2622 Quare
419 2559 443 2609 si
453 2558 543 2625 pudor
552 2562 602 2619 est,
613 2555 731 2622 Ligella‚
742 2552 801 2604 noli

315 2634 429 2686 barbam
439 2633 539 2685 vellere
548 2637 656 2683 mortuo
667 2629 751 2682 leoni.

499 2724 534 2764 at.
558 2721 598 2762 De
617 2716 740 2760 Almone.

270 2814 326 2850 mes
337 2796 475 2850 eunuchos
483 2796 566 2850 hahet
575 2796 664 2858 Almo,
676 2809 727 2844 nac
736 2793 833 2859 arrigit
842 2792 910 2859 ipse,

270 2879 290 2924 rt
300 2874 431 2940 queritur,
442 2873 533 2941 pariat
543 2873 617 2941 quod
627 2885 678 2923 sua
687 2868 769 2921 Polla
778 2866 857 2918 nihii.

291 2967 402 3012 Maur.
808 2962 829 3010 S
