2750 3450
435 367 752 416 EPIGRAMMATUM
778 369 846 415 ΜΒ.
871 370 912 415 vl.
1024 366 1072 418 153

275 491 395 543 Hieoine
405 488 515 541 deflebit
524 505 588 541 vero
599 495 647 541 tua
656 490 716 541 lata
726 490 838 543 dolore!

315 563 348 618 si
359 565 443 631 cupis,
453 570 484 615 ut
493 565 595 631 ploret:
615 565 672 629 des,
685 565 819 629 Matiane,
829 564 906 617 nihil.

520 699 554 739 ⁶4.
578 695 610 738 In
633 697 830 739 detractorem.

277 790 350 842 (inm
359 789 397 840 sis
407 805 457 841 neo
466 790 557 857 rigida
566 789 714 841 Fabiorum
727 795 807 857 gente
817 795 933 854 creatus,

275 881 330 917 nee
341 865 448 932 qualem
458 863 551 927 Curio,
563 864 626 915 dum
637 864 753 931 prandia
763 870 857 930 portat
866 866 965 929 aranti,

277 938 387 993 hirsuta
405 940 511 1005 peperit
519 939 670 990 rubicunda
679 940 729 991 sub
738 939 803 990 ilice
813 941 927 991 coniux:

278 1014 329 1066 sed
338 1013 425 1080 patris
435 1013 470 1064 ad
481 1014 619 1080 speculum
629 1015 713 1076 tonsi,
729 1014 876 1080 matrisque
885 1021 998 1081 togatae

276 1089 362 1152 filins,
372 1094 403 1139 ut
412 1103 540 1154 sponsam
550 1090 639 1155 possit
651 1093 678 1139 te
693 1103 795 1154 sponsa
805 1105 917 1141 voearet

278 1162 517 1227 emendare-meos,
529 1178 597 1230 quos
608 1163 686 1215 novit
694 1162 789 1225 Fama,
800 1163 909 1215 libellos

278 1243 307 1290 et
319 1238 373 1289 tibi
383 1237 517 1304 permittis
527 1236 621 1289 felices
633 1253 743 1303 carpere
753 1252 852 1305 nugas:

278 1312 339 1376 has,
347 1313 468 1379 inquam,
475 1327 574 1380 nugas,
586 1313 683 1378 quibus
694 1327 787 1364 aurem
798 1313 937 1364 advertere
947 1319 1034 1366 totam

279 1403 336 1440 non
346 1391 525 1453 aspernantur
537 1402 664 1453 proceres
677 1388 807 1454 urbisque
822 1386 943 1454 forique:

280 1477 348 1529 quas
359 1466 387 1512 et
400 1462 524 1528 perpetui
534 1461 681 1528 dignantur
690 1462 793 1513 serinia
802 1460 862 1525 Sili,

280 1543 309 1588 et
316 1537 417 1602 repetit
426 1536 509 1587 toties
523 1534 641 1587 facundo
651 1535 771 1603 Regulus
783 1552 843 1598 ore;

279 1611 380 1679 quique
390 1609 466 1662 videt
474 1612 587 1676 propius
597 1611 690 1678 magni
701 1613 850 1663 certamina
860 1611 941 1674 Circi,

279 1685 376 1737 laudat
388 1685 537 1737 Aventinae
547 1685 652 1736 vicinus
665 1685 735 1742 Suro
748 1685 869 1737 Dianae:

278 1761 338 1829 ipse
349 1762 432 1811 etiam
442 1765 519 1811 tanto
530 1760 656 1812 dominus
671 1761 720 1811 sub
735 1761 854 1826 pondere
863 1776 952 1811 rernm

277 1851 334 1887 non
345 1834 508 1902 dedignatur
516 1835 560 1887 bis
570 1840 665 1901 terque
674 1835 814 1886 revolvere
825 1834 934 1885 (laesor.

279 1908 334 1962 Sed
343 1910 397 1961 tibi
406 1910 467 1976 plus
477 1911 583 1971 mentis,
596 1910 648 1960 tibi
659 1925 707 1961 cor
715 1910 828 1960 limante
837 1909 962 1961 Minerva
1028 1945 1031 1952 .

278 1986 379 2047 oenus,
394 1990 423 2035 et
432 1990 526 2037 tenues
537 1985 653 2035 fixerunt
663 1990 757 2051 peetus
766 1982 895 2034 Athenae.

276 2059 319 2112 Ne
330 2060 450 2123 valeam,
464 2060 489 2110 si
498 2075 553 2111 non
563 2060 648 2110 multo
659 2060 734 2126 sapit
743 2058 825 2109 altius
834 2058 917 2122 istud,

277 2134 353 2203 qnod
365 2137 424 2185 o'um
435 2135 589 2200 panticibus
599 2135 679 2198 laxis,
695 2140 723 2185 et
733 2149 792 2185 oum
803 2134 871 2200 pede
880 2134 987 2201 grandi,

275 2216 305 2262 et
313 2208 398 2261 rubro
410 2208 537 2275 pulmone
547 2214 632 2272 vetus,
647 2210 776 2275 nasisque
785 2208 943 2272 timendum,

275 2284 373 2337 omnia
382 2283 500 2335 erudelis
510 2283 600 2335 lanius
610 2299 658 2351 per
667 2285 787 2350 compita
797 2289 896 2350 portat.

274 2359 369 2411 Audes
378 2364 528 2426 praeterea,
540 2374 608 2425 quos
618 2358 708 2409 nullus
718 2360 832 2420 noverit,
843 2359 872 2409 in
882 2373 925 2410 me

275 2434 397 2487 seribere
408 2433 566 2496 versiculos,
577 2434 691 2484 miseras
701 2439 729 2484 et
738 2433 850 2499 perdere
861 2431 978 2485 chartas.

275 2510 311 2561 dt
321 2508 347 2559 si
356 2508 424 2575 quid
433 2514 544 2559 nostrae
553 2508 605 2558 tibi
618 2508 683 2558 bilis
693 2509 823 2558 inusserit
833 2508 924 2570 ardor,

275 2584 358 2646 rivet,
370 2588 398 2634 et
407 2581 544 2646 haerebit,
558 2588 672 2648 totoque
681 2582 787 2649 legetur
797 2581 825 2632 in
837 2582 915 2645 orbe3

275 2660 409 2726 stigmate
417 2673 469 2709 neo
475 2657 555 2714 ,vaira
564 2657 666 2708 delebit
675 2657 821 2707 Cinnamus
831 2662 898 2708 arte.

275 2733 331 2786 Sed
341 2733 472 2784 miserere
481 2733 530 2796 tui,
541 2732 639 2785 rabido
649 2747 699 2783 neo
709 2731 830 2798 perditus
842 2746 889 2783 ore

275 2808 436 2861 Fumantem
446 2822 541 2858 nasum
554 2807 607 2859 riri
618 2807 769 2860 tentaveris
778 2807 848 2861 ursi.
1088 2767 1134 2956 ’1

275 2882 313 2930 tlt
314 2881 447 2944 placidus
455 2880 530 2945 lieet,
542 2887 571 2934 et
577 2882 691 2938 lambat
702 2886 874 2958 digitosque
885 2893 1074 2949 maumws
