2750 3450
433 432 748 481 EPIGRAMMATUM
774 432 843 478 ΗΒ.
870 434 911 477 lv.
1034 430 1065 481 91

403 573 463 609 eum
473 558 512 608 eis
521 556 682 622 improbi-or,
693 555 848 617 Malisiane,

403 647 483 698 quam
494 633 540 697 qui
551 631 720 697 compositos
731 636 817 681 metro
828 629 932 680 Tibulli

401 706 431 756 in
441 705 543 757 Stellae
553 706 652 756 recitat
660 705 742 756 domo
756 704 875 755 libellos.

556 805 577 844 i.
601 801 640 844 Ad
661 802 682 842 H
707 801 781 844 llum.

276 878 331 928 Gur
340 875 404 929 here
415 878 488 943 quod
500 878 623 941 dederas,
634 816 727 940 hedde,
738 893 804 943 puer
814 876 907 943 Hylle,
918 879 1039 945 negantii

312 952 404 1004 Durus
414 958 470 1002 tem
480 953 581 1015 subito,
593 968 672 1018 quam
683 951 767 1003 modo
778 953 852 1002 mitis
863 951 940 1002 erasi

276 1024 329 1078 Sed
340 1027 396 1077 iam
408 1027 529 1078 causaris
540 1027 715 1093 barbamque,
731 1041 879 1092 annosque,
889 1028 1030 1094 pilosque:

314 1116 330 1152 ο
341 1116 398 1152 nox
408 1116 488 1167 quam
498 1102 583 1168 longa
593 1117 630 1165 es,
642 1117 712 1168 quae
722 1100 791 1151 facis
800 1115 854 1151 una
864 1100 967 1152 senem!

276 1174 349 1236 Quid
360 1191 410 1226 noe
421 1175 545 1226 denuost
563 1175 626 1243 bere
639 1177 685 1243 qul
695 1191 770 1242 puer,
784 1156 877 1242 Hytfl,
888 1175 974 1239 fuisti,

314 1249 359 1300 dic
368 1249 458 1313 nobie,
468 1248 551 1302 hodie
562 1266 616 1317 qua
624 1252 732 1302 ratione
742 1251 784 1301 vir
794 1249 839 1300 eet

529 1359 549 1397 8.
573 1354 614 1396 Ad
632 1354 808 1410 Euphemum.

273 1431 369 1482 Prima
378 1431 528 1482 salutantes
539 1438 620 1498 atque
631 1431 718 1483 altera
732 1433 853 1483 eontinet
861 1430 944 1494 hora;

312 1511 421 1558 exercet
429 1521 528 1558 raucos
537 1508 620 1557 tertia
629 1507 792 1557 causidicos.

272 1580 306 1631 ln
316 1581 439 1647 quintam
448 1581 541 1632 varios
552 1581 673 1632 extendit
682 1580 770 1632 Roma
780 1581 902 1632 labores:

311 1661 390 1705 sexta
400 1656 477 1723 quien
487 1655 578 1717 lassis,
588 1656 705 1721 septima
714 1655 776 1705 finis
789 1656 848 1705 erit.

272 1728 382 1781 Suffieit
390 1731 419 1781 in
429 1745 528 1781 nonam
539 1731 634 1781 nitidis
646 1737 744 1782 octava
753 1730 912 1796 palaestris3

311 1806 429 1871 imperat
439 1809 591 1856 exstructos
601 1804 726 1870 frangere
736 1818 809 1853 nona
817 1809 903 1855 toros.

271 1879 355 1932 Hora
364 1879 518 1930 libellorum
530 1880 636 1930 decima
647 1884 696 1941 est,
707 1875 853 1943 Eupheme‚
862 1894 997 1943 meorum:

311 1959 445 2020 temperat
455 1953 607 2005 ambrosias
619 1970 679 2003 eum
688 1958 737 2003 tua
747 1968 812 2003 eura
821 1952 918 2018 dapes3

272 2032 301 2081 et
310 2029 400 2081 bonus
410 2026 536 2080 aethereo
548 2030 657 2080 laxatur
666 2033 775 2079 nectare
787 2026 896 2090 Caesar,

310 2103 470 2170 ingentique
479 2108 554 2154 tenet
563 2104 662 2170 pocula
671 2117 755 2168 parca
763 2118 853 2152 manu.

271 2179 353 2229 Tunc
363 2177 475 2228 admitte
485 2178 577 2229 iocos:
592 2193 688 2245 gresw
698 2178 776 2228 timet
784 2177 825 2228 ire
835 2176 929 2228 licenti

311 2253 347 2304 ad
359 2253 521 2304 matutinum
531 2259 627 2305 nostra
637 2250 738 2303 Thalia
749 2252 849 2303 lovem.

545 2343 565 2383 b.
588 2340 619 2382 ln
637 2337 793 2382 Fabullum.

400 2413 485 2468 Sotae
495 2416 555 2468 iilia
565 2416 673 2479 Gliuiei,
683 2414 809 2478 Fabulla,

402 2491 511 2542 demuto
522 2492 645 2559 sequeris
656 2489 756 2541 Clitum
766 2490 876 2553 marito,

400 2570 428 2616 et
437 2565 525 2618 donae
537 2572 564 2619 et
573 2581 658 2628 amar,
669 2563 733 2624 brut
741 2558 852 2617 ἀσώτως·

524 2654 557 2695 1⁰.
581 2651 621 2692 Ad
639 2651 814 2693 Faustinum.

268 2729 345 2782 Dum
350 2743 438 2781 novus
446 2734 589 2795 tutaeque
600 2726 688 2779 adhue
697 2743 763 2780 rasa
771 2725 1080 2788 mibiiruutellbeblua‚

298 2804 405 2867 pagina
416 2803 479 2852 dum
490 2804 567 2871 tangi
575 2820 632 2857 nou
644 2803 716 2859 bene
727 2807 808 2861 sicea
815 2807 916 2859 timetz

247 2874 359 2956 1112115’1,
375 2879 405 2922 et
413 2890 479 2962 earo
487 2879 588 2944 perfer
596 2881 662 2937 leve
674 2902 781 2942 munna
794 2887 911 2949 amieo,

276 2956 325 3005 Ψ
333 2953 541 3022 'neminum
550 2959 672 3027 primus
681 2963 802 3024 habere
812 2980 918 3021 meaa·
