2750 3450
344 339 394 389 28⁰
635 340 845 388 otnnrlsuls

344 472 370 514 to
382 462 454 514 colet
463 463 581 514 invidus
590 478 640 530 pro
653 464 780 516 libertate
795 463 939 526 Camillus3

382 553 476 588 aurum
487 538 639 601 Fabricius,
649 544 677 590 te
687 540 831 602 tribuente,
842 539 925 590 volet.

346 614 386 663 'l'e
398 613 466 664 duce
477 613 608 679 gaudebit
617 613 732 676 Brutus3
747 614 799 664 tibi
810 614 887 665 Sulla
898 620 1027 666 cruentum

380 688 523 753 imperium
534 688 633 750 tradet,
643 703 703 739 cum
714 689 854 755 positurus
864 689 925 739 erit.

348 762 381 812 Et
390 771 416 813 te
427 763 535 828 privato
548 779 606 814 cum
619 763 737 815 Caesare
746 762 863 831 Magnus
874 762 993 813 amabit:

383 838 498 889 donabit
507 842 581 889 totas
592 844 619 888 et
629 839 679 889 tibi
692 838 806 889 Crassus
818 853 892 904 opes.

345 911 406 978 lpse
417 927 526 979 quoque
535 911 649 964 inferuis
658 918 804 965 revocatus
813 911 888 963 Ditis
898 911 933 963 ab
943 910 1062 976 umbrls,

382 988 405 1036 si
417 986 486 1037 Cato
496 987 635 1050 reddatur,
646 986 828 1038 Caesarianus
840 987 901 1038 erit.
962 1021 966 1028 ·

633 1094 653 1134 d.
677 1092 716 1133 Ad
735 1091 851 1134 Roman.

456 1174 551 1226 Unctis
560 1174 678 1226 falciferi
689 1176 762 1227 senis
773 1175 878 1237 diebus,

456 1255 586 1316 regnator
596 1250 695 1316 quibus
704 1251 821 1317 imperat
829 1249 954 1314 fritillos,

455 1338 534 1375 versu
545 1323 638 1376 ludere
648 1339 703 1376 non
713 1324 856 1377 laborioso

456 1399 599 1465 perusittis,
610 1404 686 1465 puto,
697 1400 801 1465 pileata
810 1398 907 1451 Roma.

456 1472 567 1524 Risisti:
582 1474 648 1524 licet
656 1489 732 1541 ergo,
743 1490 793 1525 neo
801 1480 933 1525 vetamur.

456 1547 593 1599 Pallentes
604 1548 701 1615 procul
711 1547 775 1599 binc
784 1549 857 1601 abite
868 1563 964 1601 curaer

457 1623 589 1690 quidquid
600 1624 703 1675 venerit
713 1624 833 1687 obvium,
843 1624 1000 1691 loquamur,

456 1713 568 1750 morosa
578 1699 636 1751 sine
647 1699 824 1767 cogitatione.

456 1773 543 1825 Misce
553 1775 692 1837 dimidios,
703 1790 780 1842 puer,
789 1775 912 1835 trientes,

457 1849 551 1915 quales
562 1847 735 1917 Pythagoras
746 1850 831 1901 dabat
839 1847 958 1900 Neronis

457 1924 551 1984 misce,
562 1923 709 1989 Dindyme,
720 1925 768 1976 sed
782 1924 994 1991 frequentiores.

456 1997 571 2048 Possum
582 1999 619 2048 uil
632 2013 682 2065 ego
694 1999 817 2051 sobrius:
827 1999 931 2050 bibenti

457 2078 614 2122 succurrent
624 2071 691 2122 mihi
701 2073 854 2139 quindecim
870 2077 979 2139 poetae.

457 2145 502 2196 Da
512 2146 680 2209 bumbasio,
692 2148 740 2197 sed
752 2147 919 2198 Catulliana:

458 2235 528 2287 quae
538 2221 561 2271 si
571 2226 614 2270 tot
623 2220 732 2285 fuerint,
744 2228 812 2288 quot
820 2222 868 2273 ille
878 2222 960 2283 dixit,

457 2295 567 2346 donabo
578 2295 629 2346 tibi
639 2311 779 2362 passerem
789 2296 899 2347 Gatidli.

620 2401 642 2442 ¹l.
666 2399 707 2441 Ad
725 2399 862 2443 Paullum.

347 2480 403 2530 lani
414 2490 486 2535 certo
496 2483 607 2550 stupido
618 2500 673 2537 uon
684 2485 769 2548 dices,
779 2484 885 2548 Paulla,
895 2487 1010 2551 marito,

385 2557 419 2606 ud
430 2558 571 2609 moechum
587 2560 695 2625 quoties
705 2559 815 2627 longius
823 2562 864 2610 ire
874 2561 962 2624 voles,

348 2629 449 2682 Caesar
458 2634 487 2683 in
496 2634 630 2684 Albanum
640 2634 723 2685 iussit
731 2650 774 2685 me
783 2650 862 2685 mane
873 2635 974 2699 venire,

352 2726 354 2732 ·
383 2704 487 2760 Caesar
498 2708 632 2762 Circeios.
658 2708 720 2759 lain
728 2706 842 2775 strooba
850 2710 916 2760 talis
927 2710 997 2762 abit.

335 2782 503 2859 Penelopae
513 2787 584 2841 licet
593 2801 655 2839 essa
663 2784 721 2837 tibi
728 2784 781 2836 sub
791 2782 1033 2849 conducam

369 2866 426 2921 sed
441 2865 587 2939 prohibet
596 2856 932 2925 scabiesdngsdmmaue
936 2859 1032 2899 aetus.
