2750 3450
404 346 407 353 '
447 342 767 390 EPIGRAMMATUM
799 342 869 388 ΗΒ.
895 341 938 388 1v.
1051 338 1084 391 93

398 465 504 532 ingenti
513 465 612 531 premis
624 481 679 529 ore,
690 465 863 532 perfidosque

398 539 487 591 fostun
497 540 671 603 Hannibalis,
681 540 808 606 levesque
817 539 925 592 Poenos
958 563 963 574 ³

399 615 506 682 magnis
517 615 611 666 cedere
622 615 698 681 cogis
707 613 855 665 Africanis:

399 690 510 756 paulum
521 691 643 755 seposita
652 690 796 740 severitate

400 765 463 815 dum
473 765 576 814 blanda
585 779 670 831 vagus
681 764 742 814 alea
751 763 901 814 December

399 838 510 889 incertis
521 844 603 890 sonat
611 836 673 888 hinc
684 843 712 888 et
720 836 783 887 hinc
792 836 906 901 fritillis,

400 918 428 963 et
436 912 507 964 ludit
515 912 594 980 Popa
602 913 733 979 nequiore
743 912 810 974 talo,

399 988 500 1037 nostris
512 988 570 1038 otia
581 987 725 1038 commoda
734 986 888 1037 Gamoenis.

400 1060 457 1112 Nec
466 1068 546 1112 torva
555 1061 614 1128 lege
625 1061 723 1124 fronte,
734 1062 782 1111 sed
791 1061 906 1111 remissa

398 1135 509 1186 lascivis
518 1136 644 1186 madidos
653 1136 723 1186 iocis
737 1134 855 1185 libellos.

400 1208 447 1260 Sic
456 1208 549 1260 forsan
559 1216 635 1261 tenor
645 1225 726 1260 ansus
737 1215 779 1259 est
788 1209 910 1260 Catullus

398 1299 498 1352 magno
508 1285 615 1335 mittere
625 1299 763 1351 passerem
772 1283 889 1334 Maroni.

529 1375 561 1414 15.
585 1371 625 1413 Ad
643 1370 845 1414 Caecilianum.

286 1449 368 1501 Mille
376 1448 430 1499 tibi
440 1462 563 1498 nummos
573 1445 699 1498 hesterna
708 1448 769 1498 luce
781 1448 899 1514 roganti,

325 1524 355 1573 in
365 1538 415 1574 sex
425 1529 472 1572 aut
480 1527 591 1588 septem,
605 1521 769 1585 Caeciliane,
780 1522 848 1584 dies,

287 1613 346 1649 non
356 1595 453 1659 habeo,
465 1597 535 1646 dixi:
550 1596 598 1647 sed
607 1601 638 1647 tu
648 1600 775 1646 causatus
786 1597 866 1646 amici

328 1672 481 1734 adventum,
491 1670 596 1721 lancem
605 1684 747 1738 paucaque
757 1685 824 1720 vasa
833 1685 924 1737 rogas.

289 1745 396 1798 Stultus
406 1744 453 1797 esi
471 1761 506 1795 an
516 1746 626 1796 stultum
636 1760 679 1796 me
690 1746 787 1808 erodis,
799 1744 903 1796 amice?
921 1748 1018 1813 negaui

326 1821 403 1871 mille
412 1819 465 1871 tibi
473 1836 612 1872 nummos:
627 1820 716 1869 millia
726 1820 844 1886 quinque
855 1818 944 1870 dabot

514 1901 521 1914 Ι
575 1927 607 1967 16.
630 1923 662 1966 In
682 1922 800 1966 Gallum.

289 2002 448 2069 Privignum
458 2017 514 2053 non
524 2016 583 2052 esse
592 2007 655 2052 tuae
665 2006 701 2063 te,
714 2000 802 2063 Galle,
812 2016 944 2052 novercae

327 2092 421 2127 rumor
430 2081 497 2139 orat,
508 2077 608 2127 coniux
617 2076 680 2127 dum
690 2075 743 2126 fuit
750 2077 800 2126 illa
809 2076 904 2142 patris.

289 2149 355 2202 Non
363 2156 454 2201 tamen
463 2148 517 2203 hoc
526 2156 635 2216 poterat
643 2152 705 2201 vivo
716 2152 839 2217 genitore
849 2150 970 2219 probari.

328 2223 386 2275 lam
396 2240 527 2291 nusquam
538 2231 616 2291 pater
626 2231 675 2288 est,
687 2225 779 2287 Galle3
790 2240 908 2276 noverca
918 2224 993 2276 domi
1003 2229 1053 2275 est.

289 2299 410 2366 Magnus
420 2299 454 2350 ab
464 2300 578 2350 infernis
588 2306 730 2351 revocetur
739 2300 847 2350 Tullius
859 2300 971 2362 umbris,

329 2380 393 2425 otte
402 2372 531 2424 defendat
540 2373 658 2441 Regulus
667 2375 727 2440 ipse
736 2374 814 2425 licet:

288 2464 347 2500 non
357 2453 435 2515 potes
447 2449 566 2500 absolvi:
580 2464 642 2499 nam
653 2464 723 2515 quae
732 2464 788 2500 non
799 2448 900 2499 desinit
909 2462 968 2498 esse

327 2528 394 2589 post
402 2528 516 2589 patrem,
530 2539 676 2589 nunquam,
688 2522 777 2585 Galle,
788 2537 905 2573 noverca
914 2522 975 2572 tuit

562 2631 596 2670 li.
619 2627 659 2669 Al
677 2626 815 2669 Paullum.

345 2702 448 2756 Facere
457 2706 486 2755 in
495 2703 650 2771 Lyciscam,
660 2702 764 2766 Paulle,
779 2702 908 2753 meinbes
917 2718 1024 2765 versus,

347 2779 446 2844 quibus
452 2780 503 2829 illa
511 2780 591 2833 lectis
600 2782 708 2848 rubeat,
720 2784 749 2833 et
762 2778 894 2833 sitirata.

336 2850 361 2899 0
369 2850 475 2917 Paullo
486 2856 580 2910 malus
592 2875 632 2914 es:
649 2861 795 2917 irrumare
805 2859 855 2914 nis
864 2856 961 2913 solus.

1114 2863 1129 2974 l
