2750 3450
225 390 228 395 ’
321 387 353 435 72
565 415 570 425 -
607 383 821 456 maurianis

584 507 618 546 36.
642 504 673 545 111
688 505 849 546 Fabianum.

324 580 404 643 Quod
414 595 499 631 novus
510 586 536 631 et
545 596 630 646 nuper
638 580 727 631 lactus
739 580 789 630 tibi
799 583 924 644 praestat
934 581 1057 643 anricus,

360 654 412 705 hoc
424 661 562 721 praestare
572 656 648 713 iubes
658 670 709 717 me,
721 654 850 716 Fabiane,
860 653 927 714 tibi,

325 726 454 781 horridus
471 740 500 779 ut
510 731 597 796 primo
608 745 714 795 semper
724 737 750 778 te
761 744 838 778 noane
849 728 978 791 salutem,

360 820 408 871 per
418 805 587 870 mediumque
597 803 690 854 trahat
699 818 741 853 me
751 809 799 852 tua
809 802 878 853 sella
887 803 991 854 lutum:

323 879 412 930 lessus
422 887 452 928 ut
461 880 489 929 in
499 878 617 929 thermas
628 879 742 940 decima,
753 877 795 928 vel
806 877 901 939 serius,
914 874 989 929 hora

360 959 387 1002 te
398 969 496 1019 sequar
506 953 650 1019 Agrippae,
661 968 719 1003 cum
731 952 806 1002 laver
814 952 873 1015 ipse
884 952 964 1003 Titii

323 1027 386 1078 Hoc
396 1043 444 1094 per
453 1028 566 1094 triginta
575 1028 669 1090 merui,
680 1026 810 1087 Fabiano,
820 1024 999 1090 Decembres,

360 1108 391 1153 ut
400 1103 451 1152 sim
461 1103 515 1152 tiro
527 1108 589 1151 tuae
599 1116 705 1167 semper
715 1099 868 1150 anricitiaei

323 1176 386 1227 Hoc
396 1177 489 1238 merui,
499 1175 629 1238 Fabiano,
639 1181 714 1242 toga,
725 1176 852 1240 tritaque,
864 1188 991 1240 meaque,

361 1257 391 1302 ut
399 1251 517 1302 nondum
528 1250 622 1301 credas
633 1266 675 1300 me
686 1250 816 1301 meruisse
825 1247 936 1299 rudeml

516 1358 550 1396 37.
575 1354 605 1396 ln
624 1356 784 1397 irascente!
803 1355 915 1396 noricos·

324 1430 409 1481 Irasci
418 1436 523 1481 tantum
533 1431 627 1483 felices
637 1432 724 1483 nostis
736 1430 825 1480 amici.

361 1503 423 1556 Non
435 1506 504 1557 belle
514 1506 620 1558 facitis:
635 1507 683 1557 sed
694 1507 770 1556 iuvat
779 1503 833 1556 hoc
842 1504 942 1555 iacere.

596 1604 629 1642 38.
657 1599 699 1642 Ad
718 1599 841 1642 Sextum.

326 1678 402 1740 Quae
412 1684 439 1730 te
449 1693 533 1729 causa
541 1674 626 1729 trahit
635 1677 676 1728 vel
689 1691 758 1745 quae
772 1675 872 1727 fiducia
881 1673 1011 1743 Romam,

361 1752 456 1804 Sextei
478 1753 543 1819 quid
558 1758 604 1802 aut
614 1768 717 1819 speras,
729 1757 775 1802 aut
785 1752 855 1817 petis
864 1751 944 1802 iudei
964 1753 1049 1808 refer.

325 1829 437 1890 Causas,
448 1829 548 1893 inquis,
560 1842 638 1893 agam
650 1827 781 1878 Cicerone
791 1825 920 1877 disertius
929 1827 1005 1893 ipso,

362 1909 443 1968 atque
454 1903 505 1953 erit
515 1903 543 1951 in
554 1901 655 1967 triplici
666 1917 717 1968 par
730 1897 796 1951 mihi
807 1914 885 1950 nemo
896 1898 970 1953 foro.

323 1978 388 2044 Egit
397 1978 534 2027 Atestinus
546 1991 651 2036 causas,
663 1984 690 2026 et
700 1975 794 2025 Caius:
810 1982 955 2041 utriunque

361 2067 456 2102 noras:
472 2051 519 2100 sed
530 2051 616 2099 neutri
629 2051 723 2115 pensio
734 2056 793 2100 tota
803 2048 863 2098 fuit.

325 2126 354 2177 Si
365 2124 432 2175 nihil
443 2123 506 2174 hinc
516 2124 613 2185 veniet,
624 2130 774 2190 pangentur
788 2123 909 2173 carmina
918 2126 1017 2177 nobis:

362 2199 490 2259 audieris,
502 2198 575 2248 dices
587 2212 645 2247 esse
656 2198 779 2249 Maronis
791 2213 867 2264 opus.

324 2274 444 2324 insanis:
461 2288 563 2335 omnes,
573 2272 671 2339 gelidis
684 2274 836 2339 quicunque
847 2272 966 2324 lacernis

362 2356 424 2398 sunt
434 2347 482 2409 ibi,
493 2346 617 2398 Nasones
628 2346 814 2414 Virgiliosque
828 2347 913 2397 vides.

324 2423 402 2472 Atria
412 2438 511 2488 magna
522 2421 620 2472 colam.
640 2421 695 2472 Vix
705 2430 769 2482 tres,
780 2427 827 2471 aut
838 2427 956 2486 quatuor
965 2423 1025 2475 ista

361 2512 404 2547 res
416 2497 497 2547 olrrit:
515 2497 599 2561 pallet
609 2502 699 2547 cetera
708 2497 788 2547 turba
798 2496 879 2546 fame.

326 2570 398 2631 Quid
409 2570 526 2622 faciami
552 2571 649 2621 suade:
664 2587 726 2620 nam
739 2576 838 2622 certum
853 2575 895 2621 est
904 2570 999 2624 vivere
1008 2571 1105 2627 Romu

363 2644 392 2696 Si
403 2646 490 2697 bonus
502 2660 539 2708 es,
551 2661 615 2695 casu
626 2646 726 2708 vivere,
738 2644 827 2708 Sexte,
838 2649 927 2711 potes.

606 2745 640 2785 39.
665 2743 705 2785 De
724 2742 834 2795 Lyconi.

302 2816 398 2879 Iliaco
406 2820 533 2873 similem
545 2837 674 2891 puerum,
685 2817 981 2882 nonsummum

331 2891 417 2945 lusca
428 2896 561 2967 Lycoris
574 2908 666 2954 amat.
693 2899 792 2961 Quam
798 2887 1074 2946 heneluew'adetl
