2750 3450
439 366 754 417 nercanmnnrun
784 372 854 443 cra
876 372 896 417 1.
1032 369 1065 420 23
1111 340 1113 345 ’

277 490 312 542 nt
322 505 382 542 cum
391 490 543 543 December
553 508 635 544 canus
646 499 673 544 et
681 494 778 546 Bruma
786 495 921 560 impotens

312 566 441 632 aquilone
450 582 533 619 rauco
544 568 657 634 mugiet3

275 641 371 705 aprica
380 647 486 706 repetes
497 642 663 692 Tarraconis
672 643 765 705 litora,

313 722 440 781 tuamque
451 715 631 766 Laletaniam.

275 789 317 840 lbi
325 789 449 856 illigatas
460 790 589 841 mullibus
600 790 695 840 damas
706 791 795 859 plagis

313 865 455 928 mactabis,
466 870 493 915 et
502 880 599 915 vernos
611 880 702 930 aprus,

275 938 450 1006 leporemque
459 937 526 990 forti
537 938 666 990 callidum
676 955 785 1008 rumpes
796 955 880 1008 equor

312 1028 409 1064 cervos
417 1013 554 1080 relinques
564 1013 667 1065 villico.

276 1084 375 1138 Vicina
384 1087 413 1137 in
422 1088 511 1154 ipsum
523 1087 592 1138 silva
603 1088 748 1140 descendet
757 1088 847 1140 focum

310 1159 416 1214 infante
427 1163 544 1214 cinctum
554 1163 678 1214 sordido.

273 1233 427 1287 Vocabitur
436 1242 557 1299 venator,
569 1241 596 1287 et
604 1237 694 1288 veniet
702 1237 752 1288 tibi

312 1312 428 1362 conviva
438 1311 571 1362 clamatus
581 1325 674 1378 prope.

275 1384 384 1436 Limata
393 1401 527 1452 nusquam
536 1385 624 1452 pellis,
634 1390 661 1435 et
669 1398 801 1452 nusquam
812 1389 887 1450 tege,

313 1459 458 1526 olidueque
467 1465 555 1511 vestes
566 1460 679 1510 murice:

274 1534 371 1600 procul
381 1532 508 1586 horridus
518 1534 664 1597 Liburnus,
675 1539 703 1584 et
712 1534 839 1600 querulus
849 1534 947 1595 cliens;

310 1608 427 1675 imperia
435 1610 578 1660 viduarum
588 1608 692 1676 procul.
721 1605 729 1617 '

276 1681 338 1735 Non
347 1689 455 1751 rumpet
465 1684 549 1736 altum
559 1682 679 1752 pallidus
690 1698 813 1735 sumnum
823 1698 899 1735 reus:

311 1760 360 1810 ned
371 1774 449 1811 mane
458 1764 546 1812 tutum
556 1758 684 1810 dormies.

273 1832 411 1884 Mercetur
421 1834 491 1885 alius
499 1832 602 1902 grande
612 1838 640 1884 et
647 1833 773 1883 insanum
783 1831 877 1888 σοφῶςε

310 1909 440 1959 miserere
449 1913 480 1959 iu
489 1907 622 1970 felicium3

273 1997 394 2049 veroque
403 1981 493 2034 fruere
502 1997 557 2032 non
568 1981 699 2048 superbus
709 1981 822 2049 gaudio,

311 2059 376 2108 dum
387 2055 456 2107 Sura
466 2057 593 2107 laudatur
601 2063 672 2108 tuus.

273 2129 298 2181 N
301 2146 336 2182 en
346 2132 516 2197 impudenter
525 2132 591 2193 vita,
602 2130 676 2198 quod
685 2130 819 2196 reliquum
831 2137 880 2193 est,
892 2131 969 2197 petit,

311 2220 372 2256 cum
382 2205 463 2268 fama,
474 2205 547 2271 quod
557 2199 625 2257 satis
635 2212 684 2267 est,
696 2204 786 2255 habet.

426 2321 459 2362 51.
488 2318 571 2361 loeus
585 2333 620 2361 ex
636 2320 754 2360 Homero
769 2319 797 2360 in
812 2332 911 2360 currem.

273 2394 305 2448 Si
313 2396 366 2446 tibi
376 2394 517 2461 Mistyllus
528 2410 618 2457 cocus,
627 2395 786 2456 Aemiliane,
801 2400 928 2444 vocatur:

309 2471 416 2522 dicetur
426 2484 510 2537 quare
519 2485 575 2519 nou
585 2469 728 2520 Taratalla
741 2467 823 2519 mihil

547 2577 580 2615 52.
604 2571 643 2615 Aa
658 2572 790 2627 leporem.

271 2650 297 2705 N
299 2668 334 2704 on
345 2650 414 2701 facit
424 2650 459 2701 ad
469 2663 575 2712 saevos,
586 2650 676 2699 cervix
685 2649 741 2699 nisi
750 2648 847 2713 prime,
857 2647 957 2699 leuues.

310 2725 384 2788 Quid
393 2724 468 2791 fugis
477 2722 528 2775 hos
539 2724 641 2785 dentes,
653 2723 799 2773 ambitiose
808 2721 901 2787 lepus?

270 2800 385 2854 Scilicet
395 2814 412 2849 u
421 2799 527 2865 magnis
538 2798 572 2848 ad
583 2804 609 2849 te
620 2798 782 2848 descendere
792 2797 888 2858 tauris,

308 2881 345 2938 et,
357 2889 426 2942 quae
437 2887 493 2925 nnn
505 2878 623 2935 cernunt,
633 2871 758 2941 frangere
769 2870 843 2923 colla
850 2871 948 2924 velint.
