<?xml version="1.0" encoding="UTF-8"?>
<!DOCTYPE html PUBLIC "-//W3C//DTD XHTML 1.0 Transitional//EN"
    "http://www.w3.org/TR/xhtml1/DTD/xhtml1-transitional.dtd">
<html xmlns="http://www.w3.org/1999/xhtml" xml:lang="en" lang="en">
 <head>
  <title>
</title>
<meta http-equiv="Content-Type" content="text/html;charset=utf-8" />
  <meta name='ocr-system' content='tesseract 3.04.00' />
  <meta name='ocr-capabilities' content='ocr_page ocr_carea ocr_par ocr_line ocrx_word'/>
</head>
<body>
  <div class='ocr_page' id='page_1' title='image "./mvaleriimartial03martgoog_0278.png"; bbox 0 0 2750 3450; ppageno 0'>
   <div class='ocr_carea' id='block_1_1' title="bbox 448 369 1075 434">
    <p class='ocr_par' dir='ltr' id='par_1_1' title="bbox 448 369 1075 434">
     <span class='ocr_line' id='line_1_1' title="bbox 448 369 1075 434; baseline 0.005 -14"><span class='ocrx_word' id='word_1_1' title='bbox 448 372 772 421; x_wconf 71' lang='lat' dir='ltr'><strong>Entoaammawm</strong></span> <span class='ocrx_word' id='word_1_2' title='bbox 789 374 907 434; x_wconf 61' lang='lat' dir='ltr'><strong>clm.</strong></span> <span class='ocrx_word' id='word_1_3' title='bbox 1025 369 1075 423; x_wconf 75' lang='lat'><strong>26⁹</strong></span> 
     </span>
    </p>
   </div>
   <div class='ocr_carea' id='block_1_2' title="bbox 335 495 1017 1011">
    <p class='ocr_par' dir='ltr' id='par_1_2' title="bbox 336 495 876 549">
     <span class='ocr_line' id='line_1_2' title="bbox 336 495 876 549; baseline 0.002 -1"><span class='ocrx_word' id='word_1_4' title='bbox 336 497 465 549; x_wconf 77' lang='lat' dir='ltr'><strong>ferventis</strong></span> <span class='ocrx_word' id='word_1_5' title='bbox 476 498 537 548; x_wconf 88' lang='lat' dir='ltr'><strong>auri</strong></span> <span class='ocrx_word' id='word_1_6' title='bbox 549 498 638 548; x_wconf 88' lang='lat' dir='ltr'><strong>victor</strong></span> <span class='ocrx_word' id='word_1_7' title='bbox 648 495 755 548; x_wconf 82' lang='lat' dir='ltr'><strong>auferat</strong></span> <span class='ocrx_word' id='word_1_8' title='bbox 764 497 876 549; x_wconf 76' lang='lat' dir='ltr'><strong>saccosl</strong></span> 
     </span>
    </p>

    <p class='ocr_par' dir='ltr' id='par_1_3' title="bbox 336 571 925 640">
     <span class='ocr_line' id='line_1_3' title="bbox 336 571 925 640; baseline -0.003 -16"><span class='ocrx_word' id='word_1_9' title='bbox 336 571 399 624; x_wconf 91' lang='lat' dir='ltr'><strong>Non</strong></span> <span class='ocrx_word' id='word_1_10' title='bbox 410 587 460 640; x_wconf 84' lang='lat' dir='ltr'><strong>ego</strong></span> <span class='ocrx_word' id='word_1_11' title='bbox 472 588 594 624; x_wconf 90' lang='lat' dir='ltr'><strong>meorum</strong></span> <span class='ocrx_word' id='word_1_12' title='bbox 602 573 752 638; x_wconf 87' lang='lat' dir='ltr'><strong>praemium</strong></span> <span class='ocrx_word' id='word_1_13' title='bbox 762 572 925 635; x_wconf 83' lang='lat' dir='ltr'>libellorum,</span> 
     </span>
    </p>

    <p class='ocr_par' dir='ltr' id='par_1_4' title="bbox 335 645 1017 787">
     <span class='ocr_line' id='line_1_4' title="bbox 337 645 1017 714; baseline -0.004 -16"><span class='ocrx_word' id='word_1_14' title='bbox 337 647 416 714; x_wconf 85' lang='lat' dir='ltr'><strong>(quid</strong></span> <span class='ocrx_word' id='word_1_15' title='bbox 427 648 497 697; x_wconf 90' lang='lat' dir='ltr'><strong>enim</strong></span> <span class='ocrx_word' id='word_1_16' title='bbox 509 645 672 709; x_wconf 69' lang='lat' dir='ltr'><strong>mercaturi)</strong></span> <span class='ocrx_word' id='word_1_17' title='bbox 692 647 795 712; x_wconf 77' lang='lat' dir='ltr'><strong>Apulos</strong></span> <span class='ocrx_word' id='word_1_18' title='bbox 805 646 885 698; x_wconf 86' lang='lat' dir='ltr'><strong>velim</strong></span> <span class='ocrx_word' id='word_1_19' title='bbox 898 661 1017 714; x_wconf 87' lang='lat' dir='ltr'><strong>campos.</strong></span> 
     </span>
     <span class='ocr_line' id='line_1_5' title="bbox 335 720 939 787; baseline 0 -15"><span class='ocrx_word' id='word_1_20' title='bbox 335 720 399 772; x_wconf 90' lang='lat' dir='ltr'><strong>Non</strong></span> <span class='ocrx_word' id='word_1_21' title='bbox 410 721 513 787; x_wconf 87' lang='lat' dir='ltr'>Hybla,</span> <span class='ocrx_word' id='word_1_22' title='bbox 523 737 578 772; x_wconf 89' lang='lat' dir='ltr'><strong>nou</strong></span> <span class='ocrx_word' id='word_1_23' title='bbox 588 737 631 771; x_wconf 90' lang='lat' dir='ltr'><strong>me</strong></span> <span class='ocrx_word' id='word_1_24' title='bbox 642 721 754 786; x_wconf 78' lang='lat' dir='ltr'><strong>spicifer</strong></span> <span class='ocrx_word' id='word_1_25' title='bbox 764 721 837 787; x_wconf 81' lang='lat' dir='ltr'><strong>capit</strong></span> <span class='ocrx_word' id='word_1_26' title='bbox 846 720 939 783; x_wconf 83' lang='lat' dir='ltr'><strong>Nilus3</strong></span> 
     </span>
    </p>

    <p class='ocr_par' dir='ltr' id='par_1_5' title="bbox 336 788 889 862">
     <span class='ocr_line' id='line_1_6' title="bbox 336 788 889 862; baseline 0 -16"><span class='ocrx_word' id='word_1_27' title='bbox 336 812 386 847; x_wconf 91' lang='lat' dir='ltr'><strong>nec</strong></span> <span class='ocrx_word' id='word_1_28' title='bbox 397 811 466 862; x_wconf 88' lang='lat' dir='ltr'><strong>quae</strong></span> <span class='ocrx_word' id='word_1_29' title='bbox 476 796 590 861; x_wconf 87' lang='lat' dir='ltr'><strong>paludes</strong></span> <span class='ocrx_word' id='word_1_30' title='bbox 601 795 720 846; x_wconf 89' lang='lat' dir='ltr'><strong>delicata</strong></span> <span class='ocrx_word' id='word_1_31' title='bbox 730 788 889 860; x_wconf 85' lang='lat' dir='ltr'><strong>Pomptinas</strong></span> 
     </span>
    </p>

    <p class='ocr_par' dir='ltr' id='par_1_6' title="bbox 337 868 803 935">
     <span class='ocr_line' id='line_1_7' title="bbox 337 868 803 935; baseline -0.006 -14"><span class='ocrx_word' id='word_1_32' title='bbox 337 885 371 921; x_wconf 84' lang='lat' dir='ltr'><strong>ex</strong></span> <span class='ocrx_word' id='word_1_33' title='bbox 382 885 443 922; x_wconf 91' lang='lat' dir='ltr'><strong>arce</strong></span> <span class='ocrx_word' id='word_1_34' title='bbox 455 869 519 921; x_wconf 83' lang='lat' dir='ltr'><strong>clivi</strong></span> <span class='ocrx_word' id='word_1_35' title='bbox 529 875 635 935; x_wconf 86' lang='lat' dir='ltr'><strong>spectat</strong></span> <span class='ocrx_word' id='word_1_36' title='bbox 644 885 698 920; x_wconf 91' lang='lat' dir='ltr'><strong>uva</strong></span> <span class='ocrx_word' id='word_1_37' title='bbox 708 868 803 920; x_wconf 84' lang='lat' dir='ltr'><strong>Setini.</strong></span> 
     </span>
    </p>

    <p class='ocr_par' dir='ltr' id='par_1_7' title="bbox 339 941 980 1011">
     <span class='ocr_line' id='line_1_8' title="bbox 339 941 980 1011; baseline -0.005 -16"><span class='ocrx_word' id='word_1_38' title='bbox 339 945 412 1006; x_wconf 77' lang='lat' dir='ltr'><strong>Quid</strong></span> <span class='ocrx_word' id='word_1_39' title='bbox 422 945 612 1011; x_wconf 83' lang='lat' dir='ltr'><strong>concupiscam</strong></span> <span class='ocrx_word' id='word_1_40' title='bbox 624 944 733 1010; x_wconf 85' lang='lat' dir='ltr'><strong>quaeris</strong></span> <span class='ocrx_word' id='word_1_41' title='bbox 744 941 826 1010; x_wconf 77' lang='lat' dir='ltr'><strong>ergoi</strong></span> <span class='ocrx_word' id='word_1_42' title='bbox 845 941 980 994; x_wconf 88' lang='lat' dir='ltr'><strong>Dormire.</strong></span> 
     </span>
    </p>
   </div>
   <div class='ocr_carea' id='block_1_3' title="bbox 574 1045 782 1091">
    <p class='ocr_par' dir='ltr' id='par_1_8' title="bbox 574 1045 782 1091">
     <span class='ocr_line' id='line_1_9' title="bbox 574 1045 782 1091; baseline -0.014 0"><span class='ocrx_word' id='word_1_43' title='bbox 574 1051 609 1091; x_wconf 78' lang='lat' dir='ltr'><strong>lb.</strong></span> <span class='ocrx_word' id='word_1_44' title='bbox 633 1048 672 1090; x_wconf 88' lang='lat' dir='ltr'><strong>De</strong></span> <span class='ocrx_word' id='word_1_45' title='bbox 692 1045 782 1090; x_wconf 74' lang='lat' dir='ltr'><strong>Galla.</strong></span> 
     </span>
    </p>
   </div>
   <div class='ocr_carea' id='block_1_4' title="bbox 281 1131 1062 2171">
    <p class='ocr_par' dir='ltr' id='par_1_9' title="bbox 281 1131 1062 2171">
     <span class='ocr_line' id='line_1_10' title="bbox 281 1131 924 1201; baseline -0.002 -17"><span class='ocrx_word' id='word_1_46' title='bbox 281 1133 374 1184; x_wconf 87' lang='lat' dir='ltr'><strong>Millia</strong></span> <span class='ocrx_word' id='word_1_47' title='bbox 382 1134 482 1201; x_wconf 80' lang='lat' dir='ltr'><strong>viginti</strong></span> <span class='ocrx_word' id='word_1_48' title='bbox 492 1133 628 1200; x_wconf 88' lang='lat' dir='ltr'><strong>quondam</strong></span> <span class='ocrx_word' id='word_1_49' title='bbox 638 1148 681 1183; x_wconf 89' lang='lat' dir='ltr'><strong>me</strong></span> <span class='ocrx_word' id='word_1_50' title='bbox 693 1131 775 1182; x_wconf 84' lang='lat' dir='ltr'><strong>Galla</strong></span> <span class='ocrx_word' id='word_1_51' title='bbox 784 1132 924 1198; x_wconf 81' lang='lat' dir='ltr'><strong>poposcit3</strong></span> 
     </span>
     <span class='ocr_line' id='line_1_11' title="bbox 320 1205 858 1274; baseline -0.007 -15"><span class='ocrx_word' id='word_1_52' title='bbox 320 1215 355 1271; x_wconf 90' lang='lat' dir='ltr'><strong>et,</strong></span> <span class='ocrx_word' id='word_1_53' title='bbox 366 1207 567 1274; x_wconf 80' lang='lat' dir='ltr'><strong>fateor,magni</strong></span> <span class='ocrx_word' id='word_1_54' title='bbox 576 1222 631 1257; x_wconf 90' lang='lat' dir='ltr'><strong>non</strong></span> <span class='ocrx_word' id='word_1_55' title='bbox 642 1213 701 1257; x_wconf 88' lang='lat' dir='ltr'><strong>crat</strong></span> <span class='ocrx_word' id='word_1_56' title='bbox 709 1205 760 1257; x_wconf 92' lang='lat' dir='ltr'><strong>illa</strong></span> <span class='ocrx_word' id='word_1_57' title='bbox 768 1206 858 1258; x_wconf 87' lang='lat' dir='ltr'><strong>nimis.</strong></span> 
     </span>
     <span class='ocr_line' id='line_1_12' title="bbox 282 1281 929 1348; baseline -0.005 -14"><span class='ocrx_word' id='word_1_58' title='bbox 282 1283 373 1335; x_wconf 78' lang='lat' dir='ltr'><strong>Annus</strong></span> <span class='ocrx_word' id='word_1_59' title='bbox 384 1283 454 1333; x_wconf 84' lang='lat' dir='ltr'><strong>abit:</strong></span> <span class='ocrx_word' id='word_1_60' title='bbox 469 1282 513 1333; x_wconf 84' lang='lat' dir='ltr'><strong>bis</strong></span> <span class='ocrx_word' id='word_1_61' title='bbox 524 1282 607 1348; x_wconf 89' lang='lat' dir='ltr'><strong>quina</strong></span> <span class='ocrx_word' id='word_1_62' title='bbox 617 1281 696 1332; x_wconf 86' lang='lat' dir='ltr'><strong>dabis</strong></span> <span class='ocrx_word' id='word_1_63' title='bbox 707 1281 841 1344; x_wconf 86' lang='lat' dir='ltr'><strong>sestertia,</strong></span> <span class='ocrx_word' id='word_1_64' title='bbox 851 1281 929 1332; x_wconf 86' lang='lat' dir='ltr'><strong>dixit.</strong></span> 
     </span>
     <span class='ocr_line' id='line_1_13' title="bbox 320 1353 966 1423; baseline -0.005 -15"><span class='ocrx_word' id='word_1_65' title='bbox 320 1356 436 1408; x_wconf 81' lang='lat' dir='ltr'><strong>Poscere</strong></span> <span class='ocrx_word' id='word_1_66' title='bbox 447 1356 507 1423; x_wconf 90' lang='lat' dir='ltr'><strong>plus</strong></span> <span class='ocrx_word' id='word_1_67' title='bbox 516 1358 577 1406; x_wconf 88' lang='lat' dir='ltr'><strong>visa</strong></span> <span class='ocrx_word' id='word_1_68' title='bbox 586 1361 635 1419; x_wconf 89' lang='lat' dir='ltr'><strong>est,</strong></span> <span class='ocrx_word' id='word_1_69' title='bbox 642 1370 727 1422; x_wconf 91' lang='lat' dir='ltr'><strong>quam</strong></span> <span class='ocrx_word' id='word_1_70' title='bbox 737 1357 821 1422; x_wconf 84' lang='lat' dir='ltr'><strong>prius,</strong></span> <span class='ocrx_word' id='word_1_71' title='bbox 831 1355 882 1406; x_wconf 86' lang='lat' dir='ltr'><strong>illa</strong></span> <span class='ocrx_word' id='word_1_72' title='bbox 890 1353 966 1406; x_wconf 89' lang='lat' dir='ltr'><strong>mihi.</strong></span> 
     </span>
     <span class='ocr_line' id='line_1_14' title="bbox 282 1429 963 1496; baseline 0 -15"><span class='ocrx_word' id='word_1_73' title='bbox 282 1431 339 1482; x_wconf 91' lang='lat' dir='ltr'><strong>lam</strong></span> <span class='ocrx_word' id='word_1_74' title='bbox 351 1431 405 1481; x_wconf 92' lang='lat' dir='ltr'><strong>duo</strong></span> <span class='ocrx_word' id='word_1_75' title='bbox 417 1431 539 1496; x_wconf 88' lang='lat' dir='ltr'><strong>poscenti</strong></span> <span class='ocrx_word' id='word_1_76' title='bbox 549 1436 613 1495; x_wconf 87' lang='lat' dir='ltr'><strong>post</strong></span> <span class='ocrx_word' id='word_1_77' title='bbox 622 1436 727 1481; x_wconf 87' lang='lat' dir='ltr'><strong>sextum</strong></span> <span class='ocrx_word' id='word_1_78' title='bbox 737 1429 826 1480; x_wconf 88' lang='lat' dir='ltr'><strong>millia</strong></span> <span class='ocrx_word' id='word_1_79' title='bbox 835 1445 963 1494; x_wconf 85' lang='lat' dir='ltr'><strong>mensem,</strong></span> 
     </span>
     <span class='ocr_line' id='line_1_15' title="bbox 319 1505 899 1571; baseline -0.002 -15"><span class='ocrx_word' id='word_1_80' title='bbox 319 1506 395 1556; x_wconf 91' lang='lat' dir='ltr'><strong>mille</strong></span> <span class='ocrx_word' id='word_1_81' title='bbox 406 1505 503 1556; x_wconf 90' lang='lat' dir='ltr'><strong>dabam</strong></span> <span class='ocrx_word' id='word_1_82' title='bbox 514 1520 650 1555; x_wconf 81' lang='lat' dir='ltr'><strong>nummos:</strong></span> <span class='ocrx_word' id='word_1_83' title='bbox 668 1505 759 1556; x_wconf 89' lang='lat' dir='ltr'><strong>noluit</strong></span> <span class='ocrx_word' id='word_1_84' title='bbox 768 1505 899 1571; x_wconf 87' lang='lat' dir='ltr'><strong>accipere.</strong></span> 
     </span>
     <span class='ocr_line' id='line_1_16' title="bbox 283 1578 949 1643; baseline 0 -13"><span class='ocrx_word' id='word_1_85' title='bbox 283 1580 462 1632; x_wconf 82' lang='lat' dir='ltr'><strong>Transierant</strong></span> <span class='ocrx_word' id='word_1_86' title='bbox 471 1580 552 1630; x_wconf 85' lang='lat' dir='ltr'><strong>binae</strong></span> <span class='ocrx_word' id='word_1_87' title='bbox 563 1579 657 1630; x_wconf 86' lang='lat' dir='ltr'><strong>forsan</strong></span> <span class='ocrx_word' id='word_1_88' title='bbox 666 1581 789 1630; x_wconf 89' lang='lat' dir='ltr'><strong>trinaeve</strong></span> <span class='ocrx_word' id='word_1_89' title='bbox 798 1578 949 1643; x_wconf 86' lang='lat' dir='ltr'><strong>Kalendae,</strong></span> 
     </span>
     <span class='ocr_line' id='line_1_17' title="bbox 320 1654 816 1720; baseline -0.004 -15"><span class='ocrx_word' id='word_1_90' title='bbox 320 1654 448 1705; x_wconf 82' lang='lat' dir='ltr'><strong>aureolos</strong></span> <span class='ocrx_word' id='word_1_91' title='bbox 458 1655 530 1706; x_wconf 84' lang='lat' dir='ltr'><strong>ultro</strong></span> <span class='ocrx_word' id='word_1_92' title='bbox 542 1659 658 1720; x_wconf 87' lang='lat' dir='ltr'><strong>quatuor</strong></span> <span class='ocrx_word' id='word_1_93' title='bbox 667 1654 730 1719; x_wconf 89' lang='lat' dir='ltr'><strong>ipsa</strong></span> <span class='ocrx_word' id='word_1_94' title='bbox 739 1654 816 1720; x_wconf 80' lang='lat' dir='ltr'><strong>petit</strong></span> 
     </span>
     <span class='ocr_line' id='line_1_18' title="bbox 281 1729 1037 1783; baseline 0 -2"><span class='ocrx_word' id='word_1_95' title='bbox 281 1729 345 1782; x_wconf 90' lang='lat' dir='ltr'><strong>Non</strong></span> <span class='ocrx_word' id='word_1_96' title='bbox 357 1730 488 1781; x_wconf 87' lang='lat' dir='ltr'><strong>dedimus.</strong></span> <span class='ocrx_word' id='word_1_97' title='bbox 519 1729 631 1780; x_wconf 82' lang='lat' dir='ltr'><strong>Centum</strong></span> <span class='ocrx_word' id='word_1_98' title='bbox 641 1730 723 1779; x_wconf 88' lang='lat' dir='ltr'><strong>iussit</strong></span> <span class='ocrx_word' id='word_1_99' title='bbox 731 1744 774 1779; x_wconf 89' lang='lat' dir='ltr'><strong>me</strong></span> <span class='ocrx_word' id='word_1_100' title='bbox 783 1730 890 1779; x_wconf 88' lang='lat' dir='ltr'><strong>mittere</strong></span> <span class='ocrx_word' id='word_1_101' title='bbox 900 1745 1037 1783; x_wconf 81' lang='lat' dir='ltr'><strong>nummos:</strong></span> 
     </span>
     <span class='ocr_line' id='line_1_19' title="bbox 320 1802 1000 1870; baseline -0.006 -13"><span class='ocrx_word' id='word_1_102' title='bbox 320 1806 369 1857; x_wconf 88' lang='lat' dir='ltr'><strong>scd</strong></span> <span class='ocrx_word' id='word_1_103' title='bbox 379 1806 439 1856; x_wconf 87' lang='lat' dir='ltr'><strong>visa</strong></span> <span class='ocrx_word' id='word_1_104' title='bbox 448 1809 490 1855; x_wconf 87' lang='lat' dir='ltr'><strong>est</strong></span> <span class='ocrx_word' id='word_1_105' title='bbox 499 1805 579 1855; x_wconf 88' lang='lat' dir='ltr'><strong>nobis</strong></span> <span class='ocrx_word' id='word_1_106' title='bbox 589 1802 657 1854; x_wconf 87' lang='lat' dir='ltr'><strong>haec</strong></span> <span class='ocrx_word' id='word_1_107' title='bbox 667 1818 775 1870; x_wconf 89' lang='lat' dir='ltr'><strong>quoque</strong></span> <span class='ocrx_word' id='word_1_108' title='bbox 785 1818 891 1853; x_wconf 86' lang='lat' dir='ltr'><strong>summa</strong></span> <span class='ocrx_word' id='word_1_109' title='bbox 900 1805 1000 1870; x_wconf 82' lang='lat' dir='ltr'><strong>gravis.</strong></span> 
     </span>
     <span class='ocr_line' id='line_1_20' title="bbox 284 1878 1001 1947; baseline -0.006 -15"><span class='ocrx_word' id='word_1_110' title='bbox 284 1879 415 1947; x_wconf 85' lang='lat' dir='ltr'><strong>Sportula</strong></span> <span class='ocrx_word' id='word_1_111' title='bbox 424 1895 475 1930; x_wconf 89' lang='lat' dir='ltr'><strong>nos</strong></span> <span class='ocrx_word' id='word_1_112' title='bbox 485 1880 575 1929; x_wconf 83' lang='lat' dir='ltr'><strong>iunxit</strong></span> <span class='ocrx_word' id='word_1_113' title='bbox 584 1878 781 1944; x_wconf 78' lang='lat' dir='ltr'><strong>quadrantibus</strong></span> <span class='ocrx_word' id='word_1_114' title='bbox 794 1878 873 1928; x_wconf 87' lang='lat' dir='ltr'><strong>arida</strong></span> <span class='ocrx_word' id='word_1_115' title='bbox 883 1884 1001 1929; x_wconf 87' lang='lat' dir='ltr'><strong>centum:</strong></span> 
     </span>
     <span class='ocr_line' id='line_1_21' title="bbox 320 1953 1062 2019; baseline -0.005 -14"><span class='ocrx_word' id='word_1_116' title='bbox 320 1954 391 2005; x_wconf 88' lang='lat' dir='ltr'><strong>hanc</strong></span> <span class='ocrx_word' id='word_1_117' title='bbox 400 1955 500 2005; x_wconf 86' lang='lat' dir='ltr'><strong>voluit:</strong></span> <span class='ocrx_word' id='word_1_118' title='bbox 514 1968 598 2019; x_wconf 87' lang='lat' dir='ltr'><strong>puero</strong></span> <span class='ocrx_word' id='word_1_119' title='bbox 611 1953 729 2003; x_wconf 83' lang='lat' dir='ltr'><strong>diximus</strong></span> <span class='ocrx_word' id='word_1_120' title='bbox 741 1967 800 2003; x_wconf 87' lang='lat' dir='ltr'><strong>esse</strong></span> <span class='ocrx_word' id='word_1_121' title='bbox 810 1953 911 2002; x_wconf 89' lang='lat' dir='ltr'><strong>datam.</strong></span> <span class='ocrx_word' id='word_1_122' title='bbox 1052 1958 1062 1988; x_wconf 79' lang='lat'>⁸</span> 
     </span>
     <span class='ocr_line' id='line_1_22' title="bbox 282 2025 935 2094; baseline -0.005 -14"><span class='ocrx_word' id='word_1_123' title='bbox 282 2029 399 2080; x_wconf 86' lang='lat' dir='ltr'><strong>inferius</strong></span> <span class='ocrx_word' id='word_1_124' title='bbox 410 2028 541 2094; x_wconf 90' lang='lat' dir='ltr'><strong>numquid</strong></span> <span class='ocrx_word' id='word_1_125' title='bbox 551 2029 642 2094; x_wconf 89' lang='lat' dir='ltr'><strong>potuit</strong></span> <span class='ocrx_word' id='word_1_126' title='bbox 651 2025 832 2079; x_wconf 74' lang='lat' dir='ltr'><strong>descenderet</strong></span> <span class='ocrx_word' id='word_1_127' title='bbox 849 2026 935 2078; x_wconf 86' lang='lat' dir='ltr'><strong>Fecit.</strong></span> 
     </span>
     <span class='ocr_line' id='line_1_23' title="bbox 320 2097 899 2171; baseline -0.002 -17"><span class='ocrx_word' id='word_1_128' title='bbox 320 2103 377 2154; x_wconf 88' lang='lat' dir='ltr'><strong>Dat</strong></span> <span class='ocrx_word' id='word_1_129' title='bbox 386 2104 482 2171; x_wconf 83' lang='lat' dir='ltr'><strong>gratis,</strong></span> <span class='ocrx_word' id='word_1_130' title='bbox 491 2097 564 2153; x_wconf 48' lang='lat' dir='ltr'><strong>ult&amp;</strong></span> <span class='ocrx_word' id='word_1_131' title='bbox 576 2103 624 2154; x_wconf 87' lang='lat' dir='ltr'><strong>dat</strong></span> <span class='ocrx_word' id='word_1_132' title='bbox 633 2101 701 2153; x_wconf 89' lang='lat' dir='ltr'><strong>mihi</strong></span> <span class='ocrx_word' id='word_1_133' title='bbox 711 2100 806 2153; x_wconf 84' lang='lat' dir='ltr'><strong>Galla:</strong></span> <span class='ocrx_word' id='word_1_134' title='bbox 820 2117 899 2169; x_wconf 83' lang='lat' dir='ltr'><strong>nego.</strong></span> 
     </span>
    </p>
   </div>
   <div class='ocr_carea' id='block_1_5' title="bbox 562 2208 796 2251">
    <p class='ocr_par' dir='ltr' id='par_1_10' title="bbox 562 2208 796 2251">
     <span class='ocr_line' id='line_1_24' title="bbox 562 2208 796 2251; baseline 0.009 -2"><span class='ocrx_word' id='word_1_135' title='bbox 562 2210 596 2250; x_wconf 77' lang='lat' dir='ltr'><strong>to.</strong></span> <span class='ocrx_word' id='word_1_136' title='bbox 620 2208 660 2251; x_wconf 88' lang='lat' dir='ltr'><strong>De</strong></span> <span class='ocrx_word' id='word_1_137' title='bbox 679 2208 796 2251; x_wconf 81' lang='lat' dir='ltr'><strong>lilaevio·</strong></span> 
     </span>
    </p>
   </div>
   <div class='ocr_carea' id='block_1_6' title="bbox 346 2288 935 2955">
    <p class='ocr_par' dir='ltr' id='par_1_11' title="bbox 346 2288 894 2505">
     <span class='ocr_line' id='line_1_25' title="bbox 357 2288 894 2359; baseline 0.009 -21"><span class='ocrx_word' id='word_1_138' title='bbox 357 2288 429 2352; x_wconf 85' lang='lat' dir='ltr'><strong>Hoc,</strong></span> <span class='ocrx_word' id='word_1_139' title='bbox 438 2288 569 2353; x_wconf 87' lang='lat' dir='ltr'><strong>Fortuna,</strong></span> <span class='ocrx_word' id='word_1_140' title='bbox 580 2291 630 2341; x_wconf 87' lang='lat' dir='ltr'><strong>tibi</strong></span> <span class='ocrx_word' id='word_1_141' title='bbox 640 2292 749 2342; x_wconf 91' lang='lat' dir='ltr'><strong>videtur</strong></span> <span class='ocrx_word' id='word_1_142' title='bbox 763 2291 894 2359; x_wconf 74' lang='lat' dir='ltr'><strong>aequuml</strong></span> 
     </span>
     <span class='ocr_line' id='line_1_26' title="bbox 346 2363 882 2429; baseline 0 -11"><span class='ocrx_word' id='word_1_143' title='bbox 346 2364 425 2418; x_wconf 83' lang='lat' dir='ltr'><strong>¹ciuis</strong></span> <span class='ocrx_word' id='word_1_144' title='bbox 435 2379 490 2416; x_wconf 91' lang='lat' dir='ltr'><strong>non</strong></span> <span class='ocrx_word' id='word_1_145' title='bbox 501 2363 632 2429; x_wconf 84' lang='lat' dir='ltr'><strong>Syriaeve</strong></span> <span class='ocrx_word' id='word_1_146' title='bbox 642 2364 813 2429; x_wconf 88' lang='lat' dir='ltr'><strong>Parthiaeve,</strong></span> <span class='ocrx_word' id='word_1_147' title='bbox 880 2413 882 2418; x_wconf 93' lang='lat'><em>.</em></span> 
     </span>
     <span class='ocr_line' id='line_1_27' title="bbox 357 2438 862 2505; baseline 0.006 -16"><span class='ocrx_word' id='word_1_148' title='bbox 357 2454 407 2489; x_wconf 87' lang='lat' dir='ltr'><strong>nec</strong></span> <span class='ocrx_word' id='word_1_149' title='bbox 418 2438 451 2488; x_wconf 92' lang='lat' dir='ltr'><strong>de</strong></span> <span class='ocrx_word' id='word_1_150' title='bbox 463 2438 636 2504; x_wconf 89' lang='lat' dir='ltr'><strong>Cappadocis</strong></span> <span class='ocrx_word' id='word_1_151' title='bbox 646 2454 728 2505; x_wconf 87' lang='lat' dir='ltr'><strong>eques</strong></span> <span class='ocrx_word' id='word_1_152' title='bbox 739 2440 862 2503; x_wconf 83' lang='lat' dir='ltr'><strong>catastis,</strong></span> 
     </span>
    </p>

    <p class='ocr_par' dir='ltr' id='par_1_12' title="bbox 356 2512 935 2879">
     <span class='ocr_line' id='line_1_28' title="bbox 357 2512 908 2581; baseline 0.004 -18"><span class='ocrx_word' id='word_1_153' title='bbox 357 2512 406 2564; x_wconf 85' lang='lat' dir='ltr'><strong>sed</strong></span> <span class='ocrx_word' id='word_1_154' title='bbox 416 2512 450 2563; x_wconf 95' lang='lat' dir='ltr'><strong>de</strong></span> <span class='ocrx_word' id='word_1_155' title='bbox 460 2514 539 2580; x_wconf 88' lang='lat' dir='ltr'><strong>plebe</strong></span> <span class='ocrx_word' id='word_1_156' title='bbox 549 2512 635 2577; x_wconf 87' lang='lat' dir='ltr'><strong>Remi,</strong></span> <span class='ocrx_word' id='word_1_157' title='bbox 648 2514 807 2581; x_wconf 87' lang='lat' dir='ltr'><strong>Numaeque</strong></span> <span class='ocrx_word' id='word_1_158' title='bbox 816 2529 908 2578; x_wconf 89' lang='lat' dir='ltr'><strong>verna,</strong></span> 
     </span>
     <span class='ocr_line' id='line_1_29' title="bbox 356 2588 894 2653; baseline 0.004 -16"><span class='ocrx_word' id='word_1_159' title='bbox 356 2588 498 2650; x_wconf 89' lang='lat' dir='ltr'><strong>iucundus,</strong></span> <span class='ocrx_word' id='word_1_160' title='bbox 511 2589 619 2653; x_wconf 88' lang='lat' dir='ltr'><strong>probus,</strong></span> <span class='ocrx_word' id='word_1_161' title='bbox 628 2589 768 2652; x_wconf 87' lang='lat' dir='ltr'><strong>innocens,</strong></span> <span class='ocrx_word' id='word_1_162' title='bbox 783 2590 894 2652; x_wconf 86' lang='lat' dir='ltr'><strong>amicus,</strong></span> 
     </span>
     <span class='ocr_line' id='line_1_30' title="bbox 356 2662 935 2729; baseline 0.002 -16"><span class='ocrx_word' id='word_1_163' title='bbox 356 2662 452 2729; x_wconf 84' lang='lat' dir='ltr'><strong>lingua</strong></span> <span class='ocrx_word' id='word_1_164' title='bbox 461 2663 558 2712; x_wconf 90' lang='lat' dir='ltr'><strong>doctus</strong></span> <span class='ocrx_word' id='word_1_165' title='bbox 568 2668 692 2729; x_wconf 87' lang='lat' dir='ltr'><strong>utraque,</strong></span> <span class='ocrx_word' id='word_1_166' title='bbox 704 2664 780 2714; x_wconf 88' lang='lat' dir='ltr'><strong>cuius</strong></span> <span class='ocrx_word' id='word_1_167' title='bbox 793 2679 875 2714; x_wconf 88' lang='lat' dir='ltr'><strong>unum</strong></span> <span class='ocrx_word' id='word_1_168' title='bbox 886 2669 935 2727; x_wconf 87' lang='lat' dir='ltr'><strong>est,</strong></span> 
     </span>
     <span class='ocr_line' id='line_1_31' title="bbox 358 2735 894 2805; baseline 0.006 -18"><span class='ocrx_word' id='word_1_169' title='bbox 358 2735 407 2787; x_wconf 87' lang='lat' dir='ltr'><strong>sed</strong></span> <span class='ocrx_word' id='word_1_170' title='bbox 416 2751 544 2803; x_wconf 88' lang='lat' dir='ltr'><strong>magnum</strong></span> <span class='ocrx_word' id='word_1_171' title='bbox 553 2736 658 2800; x_wconf 86' lang='lat' dir='ltr'><strong>vitium,</strong></span> <span class='ocrx_word' id='word_1_172' title='bbox 669 2737 744 2804; x_wconf 92' lang='lat' dir='ltr'><strong>quod</strong></span> <span class='ocrx_word' id='word_1_173' title='bbox 754 2743 796 2789; x_wconf 88' lang='lat' dir='ltr'><strong>est</strong></span> <span class='ocrx_word' id='word_1_174' title='bbox 803 2742 894 2805; x_wconf 86' lang='lat' dir='ltr'><strong>pocta,</strong></span> 
     </span>
     <span class='ocr_line' id='line_1_32' title="bbox 357 2810 822 2879; baseline 0.004 -18"><span class='ocrx_word' id='word_1_175' title='bbox 357 2810 434 2878; x_wconf 89' lang='lat' dir='ltr'><strong>pullo</strong></span> <span class='ocrx_word' id='word_1_176' title='bbox 445 2810 569 2863; x_wconf 86' lang='lat' dir='ltr'><strong>Maevius</strong></span> <span class='ocrx_word' id='word_1_177' title='bbox 581 2811 654 2879; x_wconf 82' lang='lat' dir='ltr'><strong>alget</strong></span> <span class='ocrx_word' id='word_1_178' title='bbox 662 2813 693 2863; x_wconf 92' lang='lat' dir='ltr'><strong>in</strong></span> <span class='ocrx_word' id='word_1_179' title='bbox 702 2813 822 2866; x_wconf 87' lang='lat' dir='ltr'><strong>cucullo:</strong></span> 
     </span>
    </p>

    <p class='ocr_par' dir='ltr' id='par_1_13' title="bbox 358 2884 785 2955">
     <span class='ocr_line' id='line_1_33' title="bbox 358 2884 785 2955; baseline 0.005 -19"><span class='ocrx_word' id='word_1_180' title='bbox 358 2900 443 2937; x_wconf 89' lang='lat' dir='ltr'><strong>cocco</strong></span> <span class='ocrx_word' id='word_1_181' title='bbox 453 2886 539 2939; x_wconf 87' lang='lat' dir='ltr'><strong>mulio</strong></span> <span class='ocrx_word' id='word_1_182' title='bbox 550 2884 635 2955; x_wconf 78' lang='lat' dir='ltr'><strong>fulget</strong></span> <span class='ocrx_word' id='word_1_183' title='bbox 644 2887 785 2940; x_wconf 86' lang='lat' dir='ltr'><strong>lncitatus.</strong></span> 
     </span>
    </p>
   </div>
   <div class='ocr_carea' id='block_1_7' title="bbox 0 0 1385 3450">
    <p class='ocr_par' dir='ltr' id='par_1_14' title="bbox 0 0 1385 3450">
     <span class='ocr_line' id='line_1_34' title="bbox 0 0 1385 3450; baseline 0 0"><span class='ocrx_word' id='word_1_184' title='bbox 0 0 1385 3450; x_wconf 95' lang='lat' dir='ltr'><strong> </strong></span> 
     </span>
    </p>
   </div>
  </div>
 </body>
</html>
