2750 3450
686 413 896 458 Mantuanis

398 533 516 584 Reddita
525 533 614 585 Roma
624 535 677 586 sibi
688 541 738 598 est,
749 541 776 585 et
785 540 856 597 sunt,
865 541 892 585 te
903 535 1037 600 praeside,
1048 534 1160 599 Caesar,

435 608 551 659 deliciae
561 609 665 675 populi,
676 624 746 675 quae
755 608 863 660 fuerant
873 609 985 660 domini.

444 723 465 761 ³.
491 721 530 763 De
545 723 667 774 gentium
682 720 821 765 confluxu
836 727 864 764 at
878 719 1139 773 congratulatione.

398 812 474 872 erae
482 818 538 863 tam
548 816 801 882 sepositaest,quac
809 829 876 882 gens
883 820 938 864 tam
947 813 1160 876 harbmaCaeae

434 901 466 936 ex
477 902 531 952 qua
541 894 679 954 spectator
688 904 743 940 non
754 890 791 940 sit
799 889 828 939 in
837 888 904 939 urbe
913 886 975 938 tuat

398 959 480 1010 Venit
491 962 524 1012 ab
536 962 644 1030 Orpheo
657 962 745 1014 cultor
754 961 932 1028 Rhodopeius
941 961 1059 1023 Haemo,

433 1037 506 1087 uenit
517 1043 544 1088 et
554 1043 636 1104 epoto
647 1035 774 1088 Sarmata
783 1043 877 1101 pastus
888 1051 972 1101 equo;

397 1114 424 1159 et
434 1111 480 1175 qui
490 1113 579 1176 prima
587 1112 658 1162 bibit
669 1111 794 1176 deprensi
804 1109 915 1160 flumina
924 1108 992 1171 Nili,

433 1191 460 1234 et
470 1200 548 1251 quem
559 1200 700 1251 supremae
711 1182 833 1250 Tethyos
843 1183 916 1234 unda
926 1182 999 1234 ferit.

396 1256 547 1310 Festinavit
554 1260 651 1322 Arabs,
661 1258 824 1310 festinavere
834 1256 949 1320 Sabaci;

434 1339 461 1382 et
472 1332 571 1388 Cilices
580 1333 679 1384 nimbis
689 1331 735 1383 hio
745 1333 872 1394 maduere
882 1333 947 1383 suis.

397 1407 522 1458 Crinibus
532 1409 561 1457 in
571 1407 672 1459 nodum
681 1408 762 1458 tortis
771 1416 868 1458 venere
879 1404 1022 1468 Sicambri,

434 1488 514 1547 atque
525 1482 605 1533 aliter
613 1483 695 1533 tortis
706 1482 826 1533 crinibus
836 1479 990 1547 Aethiopes.

399 1553 458 1606 Vox
469 1555 576 1607 diversa
585 1548 678 1608 sonat}
698 1557 861 1623 populorum
876 1561 917 1607 est
928 1558 1082 1606 vortemer
1095 1570 1160 1620 unu,

433 1645 581 1681 cumrerus
596 1644 745 1681 narnias
764 1631 934 1682 dicerisesse
953 1642 1075 1679 aaran.

449 1746 470 1784 4.
493 1742 533 1785 Aa
549 1742 708 1794 caesaram,
724 1744 795 1799 qaod
809 1743 959 1800 expulerit
974 1740 1130 1787 delatores.

396 1836 489 1887 'luirba
499 1839 590 1904 gravis
600 1839 674 1905 paci,
688 1839 868 1905 placidaeque
877 1836 989 1888 inimica
999 1836 1095 1901 quieti,

433 1926 502 1976 quae
513 1928 617 1978 semper
626 1914 739 1964 miseras
750 1913 919 1964 sollicitabat
930 1925 1006 1977 opes,

396 1985 499 2035 tradita
510 1985 649 2048 Gaetulis3
668 2002 719 2037 nec
729 1988 801 2052 cepit
811 2002 894 2037 arena
903 1988 1046 2045 nocentem

433 2064 460 2110 et
470 2059 577 2111 delator
586 2058 676 2122 habet,
688 2059 762 2125 quod
773 2059 866 2121 dabat,
876 2059 1010 2110 exsilium.

396 2133 510 2185 Exsulat
520 2134 640 2185 Ausonia
650 2133 781 2200 profugus
791 2134 898 2184 delator
907 2132 941 2183 ab
952 2132 1032 2183 urbes

404 2230 410 2244 ¹
431 2209 562 2274 impensis
571 2208 656 2259 vitam
666 2208 798 2274 principis
809 2222 977 2258 annumeres.

566 2324 587 2363 5.
611 2320 651 2363 Da
665 2318 826 2375 Pasipbios
840 2315 1013 2373 spectacula

399 2412 519 2463 iunctam
529 2410 682 2478 Pasiphilen
692 2412 810 2465 Dictaeo
821 2412 923 2463 credite
932 2417 1027 2462 tauro:

432 2487 561 2549 vidimus;
582 2488 687 2553 accepit
697 2486 791 2538 fabula
801 2488 892 2553 prisca
901 2487 990 2537 tidem.

396 2560 453 2612 Nec
463 2577 492 2611 se
502 2563 622 2625 miretur,
635 2562 744 2625 Caesar,
755 2562 889 2630 longaeva
898 2565 1033 2613 vetustast

434 2636 566 2702 quidquid
576 2636 652 2687 fama
662 2638 743 2700 canit,
755 2638 840 2688 donat
850 2651 933 2687 arena
942 2635 1003 2686 tibi.

396 2755 417 2793 t.
438 2752 569 2794 Feminae
583 2753 612 2794 in
626 2750 840 2807 amphitheatro
859 2764 916 2792 cum
935 2747 1019 2793 laone
1037 2754 1160 2794 certans

397 2839 517 2906 lielliger
525 2839 635 2889 invictis
646 2837 806 2905 quoditiano
816 2837 868 2888 tibi
878 2836 1004 2888 saevitia
1015 2837 1108 2901 amuis,

420 2928 481 2961 non
489 2914 563 2964 satis
574 2921 625 2977 est,
638 2912 755 2973 Caesen
774 2912 863 2965 saeuit
871 2912 971 2979 etipsa
978 2908 1080 2961 Venus.
