<?xml version="1.0" encoding="UTF-8"?>
<!DOCTYPE html PUBLIC "-//W3C//DTD XHTML 1.0 Transitional//EN"
    "http://www.w3.org/TR/xhtml1/DTD/xhtml1-transitional.dtd">
<html xmlns="http://www.w3.org/1999/xhtml" xml:lang="en" lang="en">
 <head>
  <title>
</title>
<meta http-equiv="Content-Type" content="text/html;charset=utf-8" />
  <meta name='ocr-system' content='tesseract 3.04.00' />
  <meta name='ocr-capabilities' content='ocr_page ocr_carea ocr_par ocr_line ocrx_word'/>
</head>
<body>
  <div class='ocr_page' id='page_1' title='image "./mvaleriimartial03martgoog_0294.png"; bbox 0 0 2750 3450; ppageno 0'>
   <div class='ocr_carea' id='block_1_1' title="bbox 411 356 1083 433">
    <p class='ocr_par' dir='ltr' id='par_1_1' title="bbox 411 356 1083 433">
     <span class='ocr_line' id='line_1_1' title="bbox 411 356 1083 433; baseline 0.006 -29"><span class='ocrx_word' id='word_1_1' title='bbox 411 426 414 433; x_wconf 27' lang='grc'>1</span> <span class='ocrx_word' id='word_1_2' title='bbox 437 357 756 406; x_wconf 73' lang='lat' dir='ltr'><strong>Epleaannarun</strong></span> <span class='ocrx_word' id='word_1_3' title='bbox 787 358 858 405; x_wconf 85' lang='lat' dir='ltr'><strong>LlB.</strong></span> <span class='ocrx_word' id='word_1_4' title='bbox 883 358 929 406; x_wconf 80' lang='lat' dir='ltr'><strong>xl.</strong></span> <span class='ocrx_word' id='word_1_5' title='bbox 1034 356 1083 410; x_wconf 74' lang='lat'><strong>285</strong></span> 
     </span>
    </p>
   </div>
   <div class='ocr_carea' id='block_1_2' title="bbox 291 479 1020 771">
    <p class='ocr_par' dir='ltr' id='par_1_2' title="bbox 291 479 1020 625">
     <span class='ocr_line' id='line_1_2' title="bbox 291 479 1020 550; baseline -0.001 -17"><span class='ocrx_word' id='word_1_6' title='bbox 291 497 372 549; x_wconf 89' lang='lat' dir='ltr'><strong>quam</strong></span> <span class='ocrx_word' id='word_1_7' title='bbox 383 485 488 534; x_wconf 86' lang='lat' dir='ltr'><strong>veteres</strong></span> <span class='ocrx_word' id='word_1_8' title='bbox 497 479 615 532; x_wconf 80' lang='lat' dir='ltr'>brachae</span> <span class='ocrx_word' id='word_1_9' title='bbox 624 481 747 532; x_wconf 88' lang='lat' dir='ltr'><strong>Britonis</strong></span> <span class='ocrx_word' id='word_1_10' title='bbox 757 483 893 548; x_wconf 86' lang='lat' dir='ltr'><strong>pauperis,</strong></span> <span class='ocrx_word' id='word_1_11' title='bbox 904 487 932 534; x_wconf 87' lang='lat' dir='ltr'><strong>et</strong></span> <span class='ocrx_word' id='word_1_12' title='bbox 941 497 1020 550; x_wconf 85' lang='lat' dir='ltr'><strong>quam</strong></span> 
     </span>
     <span class='ocr_line' id='line_1_3' title="bbox 328 556 860 625; baseline -0.002 -18"><span class='ocrx_word' id='word_1_13' title='bbox 328 563 407 623; x_wconf 84' lang='lat' dir='ltr'>turpe</span> <span class='ocrx_word' id='word_1_14' title='bbox 416 556 582 625; x_wconf 86' lang='lat' dir='ltr'><strong>Ravennatis</strong></span> <span class='ocrx_word' id='word_1_15' title='bbox 592 561 684 625; x_wconf 68' lang='lat' dir='ltr'><strong>gnttm</strong></span> <span class='ocrx_word' id='word_1_16' title='bbox 698 556 860 606; x_wconf 80' lang='lat' dir='ltr'><strong>onocrotali.</strong></span> 
     </span>
    </p>

    <p class='ocr_par' dir='ltr' id='par_1_3' title="bbox 291 629 865 771">
     <span class='ocr_line' id='line_1_4' title="bbox 291 629 865 698; baseline 0 -18"><span class='ocrx_word' id='word_1_17' title='bbox 291 630 410 682; x_wconf 81' lang='lat' dir='ltr'><strong>Huncin</strong></span> <span class='ocrx_word' id='word_1_18' title='bbox 421 632 527 698; x_wconf 89' lang='lat' dir='ltr'><strong>piscina</strong></span> <span class='ocrx_word' id='word_1_19' title='bbox 537 631 616 681; x_wconf 90' lang='lat' dir='ltr'><strong>dicor</strong></span> <span class='ocrx_word' id='word_1_20' title='bbox 625 629 740 680; x_wconf 82' lang='lat' dir='ltr'><strong>futuisse</strong></span> <span class='ocrx_word' id='word_1_21' title='bbox 751 631 865 681; x_wconf 87' lang='lat' dir='ltr'><strong>marina.</strong></span> 
     </span>
     <span class='ocr_line' id='line_1_5' title="bbox 329 701 856 771; baseline -0.006 -14"><span class='ocrx_word' id='word_1_22' title='bbox 329 705 445 757; x_wconf 83' lang='lat' dir='ltr'><strong>Nescio:</strong></span> <span class='ocrx_word' id='word_1_23' title='bbox 459 705 592 771; x_wconf 81' lang='lat' dir='ltr'><strong>piscinam</strong></span> <span class='ocrx_word' id='word_1_24' title='bbox 602 720 645 755; x_wconf 87' lang='lat' dir='ltr'><strong>me</strong></span> <span class='ocrx_word' id='word_1_25' title='bbox 654 701 770 755; x_wconf 86' lang='lat' dir='ltr'><strong>futuisse</strong></span> <span class='ocrx_word' id='word_1_26' title='bbox 780 708 856 770; x_wconf 88' lang='lat' dir='ltr'><strong>puto.</strong></span> 
     </span>
    </p>
   </div>
   <div class='ocr_carea' id='block_1_3' title="bbox 415 809 959 864">
    <p class='ocr_par' dir='ltr' id='par_1_4' title="bbox 415 809 959 864">
     <span class='ocr_line' id='line_1_6' title="bbox 415 809 959 864; baseline -0.006 -13"><span class='ocrx_word' id='word_1_27' title='bbox 415 813 450 851; x_wconf 89' lang='grc'><strong>22.</strong></span> <span class='ocrx_word' id='word_1_28' title='bbox 475 809 507 851; x_wconf 91' lang='lat' dir='ltr'><strong>In</strong></span> <span class='ocrx_word' id='word_1_29' title='bbox 527 809 710 864; x_wconf 81' lang='lat' dir='ltr'><strong>paedieonem</strong></span> <span class='ocrx_word' id='word_1_30' title='bbox 729 809 959 863; x_wconf 78' lang='lat' dir='ltr'><strong>masturbantcrn.</strong></span> 
     </span>
    </p>
   </div>
   <div class='ocr_carea' id='block_1_4' title="bbox 292 884 1084 1632">
    <p class='ocr_par' dir='ltr' id='par_1_5' title="bbox 292 884 926 1037">
     <span class='ocr_line' id='line_1_7' title="bbox 292 884 882 959; baseline 0 -15"><span class='ocrx_word' id='word_1_31' title='bbox 292 893 394 944; x_wconf 86' lang='lat' dir='ltr'><strong>Mollia</strong></span> <span class='ocrx_word' id='word_1_32' title='bbox 404 894 477 959; x_wconf 85' lang='lat' dir='ltr'><strong>qnod</strong></span> <span class='ocrx_word' id='word_1_33' title='bbox 488 894 560 944; x_wconf 85' lang='lat' dir='ltr'><strong>nivei</strong></span> <span class='ocrx_word' id='word_1_34' title='bbox 572 884 640 944; x_wconf 73' lang='lat' dir='ltr'><strong>duro&#39;</strong></span> <span class='ocrx_word' id='word_1_35' title='bbox 651 893 718 944; x_wconf 89' lang='lat' dir='ltr'><strong>teris</strong></span> <span class='ocrx_word' id='word_1_36' title='bbox 729 908 776 944; x_wconf 82' lang='lat' dir='ltr'><strong>ore</strong></span> <span class='ocrx_word' id='word_1_37' title='bbox 788 891 882 944; x_wconf 83' lang='lat' dir='ltr'><strong>Galesi</strong></span> 
     </span>
     <span class='ocr_line' id='line_1_8' title="bbox 328 966 926 1037; baseline 0.002 -19"><span class='ocrx_word' id='word_1_38' title='bbox 328 968 501 1037; x_wconf 71' lang='lat' dir='ltr'><strong>basia,qnod</strong></span> <span class='ocrx_word' id='word_1_39' title='bbox 511 968 584 1019; x_wconf 84' lang='lat' dir='ltr'><strong>nudo</strong></span> <span class='ocrx_word' id='word_1_40' title='bbox 599 983 659 1018; x_wconf 90' lang='lat' dir='ltr'><strong>cnm</strong></span> <span class='ocrx_word' id='word_1_41' title='bbox 670 966 829 1034; x_wconf 80' lang='lat' dir='ltr'><strong>Ganymede</strong></span> <span class='ocrx_word' id='word_1_42' title='bbox 837 968 926 1032; x_wconf 81' lang='lat' dir='ltr'><strong>iares3</strong></span> 
     </span>
    </p>

    <p class='ocr_par' dir='ltr' id='par_1_6' title="bbox 293 1041 1084 1183">
     <span class='ocr_line' id='line_1_9' title="bbox 293 1041 1084 1111; baseline 0.003 -18"><span class='ocrx_word' id='word_1_43' title='bbox 293 1044 354 1111; x_wconf 89' lang='lat' dir='ltr'><strong>quis</strong></span> <span class='ocrx_word' id='word_1_44' title='bbox 364 1048 447 1109; x_wconf 85' lang='lat' dir='ltr'><strong>negat</strong></span> <span class='ocrx_word' id='word_1_45' title='bbox 455 1041 509 1094; x_wconf 87' lang='lat' dir='ltr'><strong>hoc</strong></span> <span class='ocrx_word' id='word_1_46' title='bbox 518 1041 647 1100; x_wconf 71' lang='lat' dir='ltr'><strong>nimium!</strong></span> <span class='ocrx_word' id='word_1_47' title='bbox 661 1041 716 1094; x_wconf 87' lang='lat' dir='ltr'><strong>Sed</strong></span> <span class='ocrx_word' id='word_1_48' title='bbox 727 1042 764 1092; x_wconf 86' lang='lat' dir='ltr'><strong>sit</strong></span> <span class='ocrx_word' id='word_1_49' title='bbox 772 1042 854 1094; x_wconf 83' lang='lat' dir='ltr'><strong>sotis:</strong></span> <span class='ocrx_word' id='word_1_50' title='bbox 864 1043 977 1111; x_wconf 77' lang='lat' dir='ltr'><strong>inguina</strong></span> <span class='ocrx_word' id='word_1_51' title='bbox 987 1044 1084 1096; x_wconf 81' lang='lat' dir='ltr'><strong>saltem</strong></span> 
     </span>
     <span class='ocr_line' id='line_1_10' title="bbox 330 1115 886 1183; baseline 0.005 -16"><span class='ocrx_word' id='word_1_52' title='bbox 330 1132 411 1183; x_wconf 87' lang='lat' dir='ltr'><strong>parce</strong></span> <span class='ocrx_word' id='word_1_53' title='bbox 422 1115 544 1169; x_wconf 78' lang='lat' dir='ltr'><strong>fututrici</strong></span> <span class='ocrx_word' id='word_1_54' title='bbox 555 1117 707 1169; x_wconf 88' lang='lat' dir='ltr'><strong>sollicitare</strong></span> <span class='ocrx_word' id='word_1_55' title='bbox 716 1132 806 1168; x_wconf 87' lang='lat' dir='ltr'><strong>mann.</strong></span> <span class='ocrx_word' id='word_1_56' title='bbox 884 1167 886 1170; x_wconf 10' lang='grc' dir='ltr'><em>Α</em></span> 
     </span>
    </p>

    <p class='ocr_par' dir='ltr' id='par_1_7' title="bbox 293 1190 1084 1333">
     <span class='ocr_line' id='line_1_11' title="bbox 293 1190 1084 1260; baseline 0.003 -19"><span class='ocrx_word' id='word_1_57' title='bbox 293 1190 430 1243; x_wconf 87' lang='lat' dir='ltr'><strong>Laeribus</strong></span> <span class='ocrx_word' id='word_1_58' title='bbox 439 1193 468 1242; x_wconf 93' lang='lat' dir='ltr'><strong>in</strong></span> <span class='ocrx_word' id='word_1_59' title='bbox 478 1193 568 1258; x_wconf 85' lang='lat' dir='ltr'><strong>pneris</strong></span> <span class='ocrx_word' id='word_1_60' title='bbox 579 1191 640 1258; x_wconf 89' lang='lat' dir='ltr'><strong>plns</strong></span> <span class='ocrx_word' id='word_1_61' title='bbox 651 1190 727 1254; x_wconf 87' lang='lat' dir='ltr'><strong>haec,</strong></span> <span class='ocrx_word' id='word_1_62' title='bbox 744 1205 824 1258; x_wconf 83' lang='lat' dir='ltr'><strong>quam</strong></span> <span class='ocrx_word' id='word_1_63' title='bbox 834 1193 963 1255; x_wconf 86' lang='lat' dir='ltr'><strong>mentula,</strong></span> <span class='ocrx_word' id='word_1_64' title='bbox 977 1201 1084 1260; x_wconf 73' lang='lat' dir='ltr'><strong>peccat,</strong></span> 
     </span>
     <span class='ocr_line' id='line_1_12' title="bbox 330 1266 912 1333; baseline 0.003 -17"><span class='ocrx_word' id='word_1_65' title='bbox 330 1271 358 1316; x_wconf 92' lang='lat' dir='ltr'><strong>et</strong></span> <span class='ocrx_word' id='word_1_66' title='bbox 366 1266 471 1317; x_wconf 81' lang='lat' dir='ltr'><strong>iaciunt</strong></span> <span class='ocrx_word' id='word_1_67' title='bbox 480 1266 561 1332; x_wconf 83' lang='lat' dir='ltr'><strong>digiti</strong></span> <span class='ocrx_word' id='word_1_68' title='bbox 570 1267 806 1333; x_wconf 83' lang='lat' dir='ltr'><strong>praecipitantque</strong></span> <span class='ocrx_word' id='word_1_69' title='bbox 816 1268 912 1318; x_wconf 83' lang='lat' dir='ltr'><strong>virum.</strong></span> 
     </span>
    </p>

    <p class='ocr_par' dir='ltr' id='par_1_8' title="bbox 292 1337 982 1483">
     <span class='ocr_line' id='line_1_13' title="bbox 292 1337 982 1409; baseline 0.004 -19"><span class='ocrx_word' id='word_1_70' title='bbox 292 1339 358 1391; x_wconf 85' lang='lat' dir='ltr'><strong>Inde</strong></span> <span class='ocrx_word' id='word_1_71' title='bbox 366 1346 469 1408; x_wconf 83' lang='lat' dir='ltr'><strong>tragus,</strong></span> <span class='ocrx_word' id='word_1_72' title='bbox 480 1341 635 1408; x_wconf 80' lang='lat' dir='ltr'><strong>celeresque</strong></span> <span class='ocrx_word' id='word_1_73' title='bbox 645 1342 704 1407; x_wconf 92' lang='lat' dir='ltr'><strong>pili,</strong></span> <span class='ocrx_word' id='word_1_74' title='bbox 714 1337 892 1409; x_wconf 81' lang='lat' dir='ltr'><strong>mirandaque</strong></span> <span class='ocrx_word' id='word_1_75' title='bbox 901 1342 982 1394; x_wconf 86' lang='lat' dir='ltr'><strong>matri</strong></span> 
     </span>
     <span class='ocr_line' id='line_1_14' title="bbox 329 1414 913 1483; baseline 0.002 -18"><span class='ocrx_word' id='word_1_76' title='bbox 329 1414 424 1477; x_wconf 89' lang='lat' dir='ltr'><strong>barba,</strong></span> <span class='ocrx_word' id='word_1_77' title='bbox 435 1416 521 1465; x_wconf 84' lang='lat' dir='ltr'><strong>necin</strong></span> <span class='ocrx_word' id='word_1_78' title='bbox 533 1415 608 1467; x_wconf 84' lang='lat' dir='ltr'><strong>clara</strong></span> <span class='ocrx_word' id='word_1_79' title='bbox 617 1415 718 1466; x_wconf 85' lang='lat' dir='ltr'><strong>balneo</strong></span> <span class='ocrx_word' id='word_1_80' title='bbox 727 1416 787 1467; x_wconf 89' lang='lat' dir='ltr'><strong>lnce</strong></span> <span class='ocrx_word' id='word_1_81' title='bbox 798 1417 913 1483; x_wconf 87' lang='lat' dir='ltr'><strong>placent.</strong></span> 
     </span>
    </p>

    <p class='ocr_par' dir='ltr' id='par_1_9' title="bbox 292 1488 876 1557">
     <span class='ocr_line' id='line_1_15' title="bbox 292 1488 876 1557; baseline 0.005 -18"><span class='ocrx_word' id='word_1_82' title='bbox 292 1488 396 1540; x_wconf 88' lang='lat' dir='ltr'><strong>Divisit</strong></span> <span class='ocrx_word' id='word_1_83' title='bbox 404 1495 502 1539; x_wconf 81' lang='lat' dir='ltr'><strong>natrrra</strong></span> <span class='ocrx_word' id='word_1_84' title='bbox 512 1505 614 1541; x_wconf 88' lang='lat' dir='ltr'><strong>mares:</strong></span> <span class='ocrx_word' id='word_1_85' title='bbox 630 1506 694 1556; x_wconf 87' lang='lat' dir='ltr'><strong>pars</strong></span> <span class='ocrx_word' id='word_1_86' title='bbox 704 1506 759 1541; x_wconf 90' lang='lat' dir='ltr'><strong>nna</strong></span> <span class='ocrx_word' id='word_1_87' title='bbox 769 1491 876 1557; x_wconf 84' lang='lat' dir='ltr'><strong>puellis,</strong></span> 
     </span>
    </p>

    <p class='ocr_par' dir='ltr' id='par_1_10' title="bbox 312 1564 880 1632">
     <span class='ocr_line' id='line_1_16' title="bbox 312 1564 880 1632; baseline 0.004 -19"><span class='ocrx_word' id='word_1_88' title='bbox 312 1616 316 1625; x_wconf 66' lang='grc'>,</span> <span class='ocrx_word' id='word_1_89' title='bbox 329 1579 385 1614; x_wconf 88' lang='lat' dir='ltr'><strong>una</strong></span> <span class='ocrx_word' id='word_1_90' title='bbox 393 1564 462 1614; x_wconf 86' lang='lat' dir='ltr'><strong>viris&#39;</strong></span> <span class='ocrx_word' id='word_1_91' title='bbox 470 1565 563 1631; x_wconf 82' lang='lat' dir='ltr'><strong>genita</strong></span> <span class='ocrx_word' id='word_1_92' title='bbox 573 1571 622 1616; x_wconf 85' lang='lat' dir='ltr'><strong>est.</strong></span> <span class='ocrx_word' id='word_1_93' title='bbox 646 1565 728 1616; x_wconf 88' lang='lat' dir='ltr'><strong>Utere</strong></span> <span class='ocrx_word' id='word_1_94' title='bbox 738 1573 814 1632; x_wconf 87' lang='lat' dir='ltr'><strong>parte</strong></span> <span class='ocrx_word' id='word_1_95' title='bbox 823 1572 880 1617; x_wconf 87' lang='lat' dir='ltr'><strong>tna.</strong></span> 
     </span>
    </p>
   </div>
   <div class='ocr_carea' id='block_1_5' title="bbox 587 1668 790 1712">
    <p class='ocr_par' dir='ltr' id='par_1_11' title="bbox 587 1668 790 1712">
     <span class='ocr_line' id='line_1_17' title="bbox 587 1668 790 1712; baseline -0.005 -1"><span class='ocrx_word' id='word_1_96' title='bbox 587 1673 621 1711; x_wconf 83' lang='grc'><strong>23.</strong></span> <span class='ocrx_word' id='word_1_97' title='bbox 644 1669 675 1710; x_wconf 90' lang='lat' dir='ltr'><strong>In</strong></span> <span class='ocrx_word' id='word_1_98' title='bbox 696 1668 790 1712; x_wconf 82' lang='lat' dir='ltr'><strong>Silam.</strong></span> 
     </span>
    </p>
   </div>
   <div class='ocr_carea' id='block_1_6' title="bbox 292 1746 1047 2935">
    <p class='ocr_par' dir='ltr' id='par_1_12' title="bbox 292 1746 940 1891">
     <span class='ocr_line' id='line_1_18' title="bbox 292 1746 940 1817; baseline 0.005 -18"><span class='ocrx_word' id='word_1_99' title='bbox 292 1747 402 1799; x_wconf 88' lang='lat' dir='ltr'><strong>Nubere</strong></span> <span class='ocrx_word' id='word_1_100' title='bbox 413 1746 472 1799; x_wconf 82' lang='lat' dir='ltr'><strong>Sila</strong></span> <span class='ocrx_word' id='word_1_101' title='bbox 481 1748 548 1800; x_wconf 91' lang='lat' dir='ltr'><strong>mihi</strong></span> <span class='ocrx_word' id='word_1_102' title='bbox 558 1749 633 1800; x_wconf 88' lang='lat' dir='ltr'><strong>nulla</strong></span> <span class='ocrx_word' id='word_1_103' title='bbox 643 1766 699 1801; x_wconf 90' lang='lat' dir='ltr'><strong>non</strong></span> <span class='ocrx_word' id='word_1_104' title='bbox 709 1751 769 1817; x_wconf 84' lang='lat' dir='ltr'><strong>lege</strong></span> <span class='ocrx_word' id='word_1_105' title='bbox 780 1757 876 1817; x_wconf 87' lang='lat' dir='ltr'><strong>parata</strong></span> <span class='ocrx_word' id='word_1_106' title='bbox 886 1757 940 1803; x_wconf 84' lang='lat' dir='ltr'><strong>est:</strong></span> 
     </span>
     <span class='ocr_line' id='line_1_19' title="bbox 331 1820 878 1891; baseline 0.007 -18"><span class='ocrx_word' id='word_1_107' title='bbox 331 1823 379 1873; x_wconf 86' lang='lat' dir='ltr'><strong>sed</strong></span> <span class='ocrx_word' id='word_1_108' title='bbox 391 1820 476 1881; x_wconf 86' lang='lat' dir='ltr'><strong>Silam</strong></span> <span class='ocrx_word' id='word_1_109' title='bbox 486 1823 561 1874; x_wconf 87' lang='lat' dir='ltr'><strong>nulla</strong></span> <span class='ocrx_word' id='word_1_110' title='bbox 571 1824 668 1876; x_wconf 88' lang='lat' dir='ltr'><strong>ducere</strong></span> <span class='ocrx_word' id='word_1_111' title='bbox 678 1825 738 1891; x_wconf 84' lang='lat' dir='ltr'><strong>lege</strong></span> <span class='ocrx_word' id='word_1_112' title='bbox 748 1825 821 1876; x_wconf 88' lang='lat' dir='ltr'><strong>volo.</strong></span> <span class='ocrx_word' id='word_1_113' title='bbox 874 1823 878 1834; x_wconf 91' lang='lat'>&#39;</span> 
     </span>
    </p>

    <p class='ocr_par' dir='ltr' id='par_1_13' title="bbox 294 1897 983 2041">
     <span class='ocr_line' id='line_1_20' title="bbox 294 1897 983 1953; baseline 0.009 -6"><span class='ocrx_word' id='word_1_114' title='bbox 294 1897 361 1948; x_wconf 84' lang='lat' dir='ltr'><strong>Cum</strong></span> <span class='ocrx_word' id='word_1_115' title='bbox 372 1903 462 1948; x_wconf 88' lang='lat' dir='ltr'><strong>tamen</strong></span> <span class='ocrx_word' id='word_1_116' title='bbox 472 1899 599 1949; x_wconf 84' lang='lat' dir='ltr'><strong>instaret:</strong></span> <span class='ocrx_word' id='word_1_117' title='bbox 615 1899 705 1949; x_wconf 88' lang='lat' dir='ltr'><strong>decies</strong></span> <span class='ocrx_word' id='word_1_118' title='bbox 715 1897 782 1949; x_wconf 90' lang='lat' dir='ltr'><strong>mihi</strong></span> <span class='ocrx_word' id='word_1_119' title='bbox 793 1899 866 1951; x_wconf 87' lang='lat' dir='ltr'><strong>dotis</strong></span> <span class='ocrx_word' id='word_1_120' title='bbox 876 1900 905 1952; x_wconf 91' lang='lat' dir='ltr'><strong>in</strong></span> <span class='ocrx_word' id='word_1_121' title='bbox 916 1915 983 1953; x_wconf 85' lang='lat' dir='ltr'><strong>auro</strong></span> 
     </span>
     <span class='ocr_line' id='line_1_21' title="bbox 330 1972 978 2041; baseline 0.003 -18"><span class='ocrx_word' id='word_1_122' title='bbox 330 1987 432 2037; x_wconf 86' lang='lat' dir='ltr'><strong>sponsa</strong></span> <span class='ocrx_word' id='word_1_123' title='bbox 442 1972 530 2035; x_wconf 84' lang='lat' dir='ltr'><strong>dabis,</strong></span> <span class='ocrx_word' id='word_1_124' title='bbox 542 1973 613 2023; x_wconf 84' lang='lat' dir='ltr'><strong>dixi:</strong></span> <span class='ocrx_word' id='word_1_125' title='bbox 628 1974 693 2039; x_wconf 86' lang='lat' dir='ltr'><strong>quid</strong></span> <span class='ocrx_word' id='word_1_126' title='bbox 704 1974 792 2025; x_wconf 91' lang='lat' dir='ltr'><strong>minus</strong></span> <span class='ocrx_word' id='word_1_127' title='bbox 803 1990 862 2026; x_wconf 86' lang='lat' dir='ltr'><strong>esse</strong></span> <span class='ocrx_word' id='word_1_128' title='bbox 872 1974 978 2041; x_wconf 71' lang='lat' dir='ltr'><strong>potest!</strong></span> 
     </span>
    </p>

    <p class='ocr_par' dir='ltr' id='par_1_14' title="bbox 292 2045 960 2175">
     <span class='ocr_line' id='line_1_22' title="bbox 292 2045 960 2115; baseline 0.004 -18"><span class='ocrx_word' id='word_1_129' title='bbox 292 2062 343 2097; x_wconf 85' lang='lat' dir='ltr'><strong>nec</strong></span> <span class='ocrx_word' id='word_1_130' title='bbox 357 2045 460 2097; x_wconf 74' lang='lat' dir='ltr'><strong>batuam</strong></span> <span class='ocrx_word' id='word_1_131' title='bbox 473 2049 595 2114; x_wconf 89' lang='lat' dir='ltr'><strong>quamvis</strong></span> <span class='ocrx_word' id='word_1_132' title='bbox 610 2050 734 2115; x_wconf 85' lang='lat' dir='ltr'><strong>primate</strong></span> <span class='ocrx_word' id='word_1_133' title='bbox 744 2054 825 2101; x_wconf 86' lang='lat' dir='ltr'><strong>nocte</strong></span> <span class='ocrx_word' id='word_1_134' title='bbox 833 2050 960 2103; x_wconf 86' lang='lat' dir='ltr'><strong>maritus:</strong></span> 
     </span>
     <span class='ocr_line' id='line_1_23' title="bbox 316 2122 884 2175; baseline 0 0"><span class='ocrx_word' id='word_1_135' title='bbox 316 2122 480 2175; x_wconf 87' lang='lat' dir='ltr'><strong>.communis</strong></span> <span class='ocrx_word' id='word_1_136' title='bbox 490 2128 578 2173; x_wconf 92' lang='lat' dir='ltr'><strong>tecum</strong></span> <span class='ocrx_word' id='word_1_137' title='bbox 588 2138 639 2173; x_wconf 88' lang='lat' dir='ltr'><strong>nec</strong></span> <span class='ocrx_word' id='word_1_138' title='bbox 648 2122 715 2174; x_wconf 81' lang='lat' dir='ltr'><strong>milri</strong></span> <span class='ocrx_word' id='word_1_139' title='bbox 724 2124 810 2175; x_wconf 88' lang='lat' dir='ltr'><strong>lectus</strong></span> <span class='ocrx_word' id='word_1_140' title='bbox 820 2125 884 2175; x_wconf 83' lang='lat' dir='ltr'><strong>erit:</strong></span> 
     </span>
    </p>

    <p class='ocr_par' dir='ltr' id='par_1_15' title="bbox 293 2196 1047 2324">
     <span class='ocr_line' id='line_1_24' title="bbox 293 2196 1047 2265; baseline 0.009 -21"><span class='ocrx_word' id='word_1_141' title='bbox 293 2196 512 2261; x_wconf 88' lang='lat' dir='ltr'><strong>complectarque</strong></span> <span class='ocrx_word' id='word_1_142' title='bbox 526 2212 623 2260; x_wconf 91' lang='lat' dir='ltr'><strong>meam,</strong></span> <span class='ocrx_word' id='word_1_143' title='bbox 638 2204 727 2249; x_wconf 88' lang='lat' dir='ltr'><strong>nectu</strong></span> <span class='ocrx_word' id='word_1_144' title='bbox 740 2196 907 2265; x_wconf 87' lang='lat' dir='ltr'><strong>prohibebis,</strong></span> <span class='ocrx_word' id='word_1_145' title='bbox 918 2200 1047 2252; x_wconf 81' lang='lat' dir='ltr'><strong>amicam:</strong></span> 
     </span>
     <span class='ocr_line' id='line_1_25' title="bbox 332 2270 850 2324; baseline 0.012 -6"><span class='ocrx_word' id='word_1_146' title='bbox 332 2270 458 2320; x_wconf 90' lang='lat' dir='ltr'><strong>ancillam</strong></span> <span class='ocrx_word' id='word_1_147' title='bbox 468 2272 559 2321; x_wconf 82' lang='lat' dir='ltr'><strong>nrittes</strong></span> <span class='ocrx_word' id='word_1_148' title='bbox 570 2279 597 2323; x_wconf 91' lang='lat' dir='ltr'><strong>et</strong></span> <span class='ocrx_word' id='word_1_149' title='bbox 606 2271 673 2322; x_wconf 91' lang='lat' dir='ltr'><strong>mihi</strong></span> <span class='ocrx_word' id='word_1_150' title='bbox 682 2274 758 2324; x_wconf 88' lang='lat' dir='ltr'><strong>iussa</strong></span> <span class='ocrx_word' id='word_1_151' title='bbox 766 2279 850 2324; x_wconf 88' lang='lat' dir='ltr'><strong>tuam.</strong></span> 
     </span>
    </p>

    <p class='ocr_par' dir='ltr' id='par_1_16' title="bbox 293 2340 909 2483">
     <span class='ocr_line' id='line_1_26' title="bbox 293 2340 909 2410; baseline 0.011 -18"><span class='ocrx_word' id='word_1_152' title='bbox 293 2340 334 2393; x_wconf 80' lang='lat' dir='ltr'><strong>Te</strong></span> <span class='ocrx_word' id='word_1_153' title='bbox 345 2350 483 2410; x_wconf 86' lang='lat' dir='ltr'><strong>spectante</strong></span> <span class='ocrx_word' id='word_1_154' title='bbox 494 2346 571 2397; x_wconf 87' lang='lat' dir='ltr'><strong>dabit</strong></span> <span class='ocrx_word' id='word_1_155' title='bbox 580 2347 661 2398; x_wconf 90' lang='lat' dir='ltr'><strong>nobis</strong></span> <span class='ocrx_word' id='word_1_156' title='bbox 671 2347 776 2399; x_wconf 86' lang='lat' dir='ltr'><strong>lasciva</strong></span> <span class='ocrx_word' id='word_1_157' title='bbox 785 2348 909 2399; x_wconf 90' lang='lat' dir='ltr'><strong>minister</strong></span> 
     </span>
     <span class='ocr_line' id='line_1_27' title="bbox 330 2418 852 2483; baseline 0.013 -16"><span class='ocrx_word' id='word_1_158' title='bbox 330 2418 418 2481; x_wconf 85' lang='lat' dir='ltr'><strong>basia,</strong></span> <span class='ocrx_word' id='word_1_159' title='bbox 428 2419 486 2469; x_wconf 85' lang='lat' dir='ltr'><strong>sive</strong></span> <span class='ocrx_word' id='word_1_160' title='bbox 496 2435 579 2483; x_wconf 86' lang='lat' dir='ltr'><strong>meus,</strong></span> <span class='ocrx_word' id='word_1_161' title='bbox 593 2422 651 2472; x_wconf 85' lang='lat' dir='ltr'><strong>sive</strong></span> <span class='ocrx_word' id='word_1_162' title='bbox 664 2422 718 2472; x_wconf 89' lang='lat' dir='ltr'><strong>crit</strong></span> <span class='ocrx_word' id='word_1_163' title='bbox 725 2422 773 2473; x_wconf 92' lang='lat' dir='ltr'><strong>ille</strong></span> <span class='ocrx_word' id='word_1_164' title='bbox 782 2428 852 2474; x_wconf 84' lang='lat' dir='ltr'><strong>tuns.</strong></span> 
     </span>
    </p>

    <p class='ocr_par' dir='ltr' id='par_1_17' title="bbox 293 2492 945 2635">
     <span class='ocr_line' id='line_1_28' title="bbox 293 2492 945 2561; baseline 0.009 -19"><span class='ocrx_word' id='word_1_165' title='bbox 293 2492 458 2543; x_wconf 70' lang='lat' dir='ltr'><strong>nicoenam</strong></span> <span class='ocrx_word' id='word_1_166' title='bbox 468 2495 573 2545; x_wconf 83' lang='lat' dir='ltr'><strong>venies:</strong></span> <span class='ocrx_word' id='word_1_167' title='bbox 588 2495 637 2545; x_wconf 88' lang='lat' dir='ltr'><strong>sed</strong></span> <span class='ocrx_word' id='word_1_168' title='bbox 646 2497 687 2547; x_wconf 88' lang='lat' dir='ltr'><strong>sic</strong></span> <span class='ocrx_word' id='word_1_169' title='bbox 697 2496 787 2547; x_wconf 84' lang='lat' dir='ltr'><strong>divisa</strong></span> <span class='ocrx_word' id='word_1_170' title='bbox 796 2498 945 2561; x_wconf 86' lang='lat' dir='ltr'><strong>recumbes,</strong></span> 
     </span>
     <span class='ocr_line' id='line_1_29' title="bbox 331 2570 855 2635; baseline 0.008 -19"><span class='ocrx_word' id='word_1_171' title='bbox 331 2571 425 2618; x_wconf 90' lang='lat' dir='ltr'><strong>utnon</strong></span> <span class='ocrx_word' id='word_1_172' title='bbox 435 2574 582 2633; x_wconf 83' lang='lat' dir='ltr'><strong>tangantur</strong></span> <span class='ocrx_word' id='word_1_173' title='bbox 591 2570 677 2635; x_wconf 91' lang='lat' dir='ltr'><strong>pallia</strong></span> <span class='ocrx_word' id='word_1_174' title='bbox 687 2575 782 2621; x_wconf 88' lang='lat' dir='ltr'><strong>nostra</strong></span> <span class='ocrx_word' id='word_1_175' title='bbox 791 2572 855 2621; x_wconf 87' lang='lat' dir='ltr'><strong>tuis.</strong></span> 
     </span>
    </p>

    <p class='ocr_par' dir='ltr' id='par_1_18' title="bbox 294 2640 993 2785">
     <span class='ocr_line' id='line_1_30' title="bbox 294 2640 968 2707; baseline 0.009 -16"><span class='ocrx_word' id='word_1_176' title='bbox 294 2640 396 2692; x_wconf 85' lang='lat' dir='ltr'><strong>Oscula</strong></span> <span class='ocrx_word' id='word_1_177' title='bbox 405 2657 469 2693; x_wconf 86' lang='lat' dir='ltr'><strong>rara</strong></span> <span class='ocrx_word' id='word_1_178' title='bbox 479 2643 559 2694; x_wconf 87' lang='lat' dir='ltr'><strong>dabis</strong></span> <span class='ocrx_word' id='word_1_179' title='bbox 568 2646 658 2707; x_wconf 88' lang='lat' dir='ltr'><strong>nobis,</strong></span> <span class='ocrx_word' id='word_1_180' title='bbox 668 2644 717 2695; x_wconf 88' lang='lat' dir='ltr'><strong>sed</strong></span> <span class='ocrx_word' id='word_1_181' title='bbox 727 2659 782 2695; x_wconf 89' lang='lat' dir='ltr'><strong>non</strong></span> <span class='ocrx_word' id='word_1_182' title='bbox 793 2645 872 2696; x_wconf 85' lang='lat' dir='ltr'><strong>(labis</strong></span> <span class='ocrx_word' id='word_1_183' title='bbox 883 2645 968 2698; x_wconf 74' lang='lat' dir='ltr'><strong>ultrm</strong></span> 
     </span>
     <span class='ocr_line' id='line_1_31' title="bbox 330 2718 993 2785; baseline 0.005 -19"><span class='ocrx_word' id='word_1_184' title='bbox 330 2731 381 2766; x_wconf 88' lang='lat' dir='ltr'><strong>nec</strong></span> <span class='ocrx_word' id='word_1_185' title='bbox 391 2718 470 2783; x_wconf 88' lang='lat' dir='ltr'><strong>qnasi</strong></span> <span class='ocrx_word' id='word_1_186' title='bbox 479 2723 564 2784; x_wconf 88' lang='lat' dir='ltr'><strong>nupta</strong></span> <span class='ocrx_word' id='word_1_187' title='bbox 574 2718 662 2781; x_wconf 86' lang='lat' dir='ltr'><strong>dabis,</strong></span> <span class='ocrx_word' id='word_1_188' title='bbox 673 2719 721 2770; x_wconf 88' lang='lat' dir='ltr'><strong>sed</strong></span> <span class='ocrx_word' id='word_1_189' title='bbox 732 2720 812 2785; x_wconf 87' lang='lat' dir='ltr'><strong>qnasi</strong></span> <span class='ocrx_word' id='word_1_190' title='bbox 820 2726 907 2771; x_wconf 86' lang='lat' dir='ltr'><strong>mater</strong></span> <span class='ocrx_word' id='word_1_191' title='bbox 917 2735 993 2772; x_wconf 84' lang='lat' dir='ltr'><strong>anns.</strong></span> 
     </span>
    </p>

    <p class='ocr_par' dir='ltr' id='par_1_19' title="bbox 293 2788 903 2935">
     <span class='ocr_line' id='line_1_32' title="bbox 293 2788 903 2860; baseline 0.007 -20"><span class='ocrx_word' id='word_1_192' title='bbox 293 2788 326 2841; x_wconf 87' lang='lat' dir='ltr'><strong>Si</strong></span> <span class='ocrx_word' id='word_1_193' title='bbox 335 2795 414 2857; x_wconf 85' lang='lat' dir='ltr'><strong>potes</strong></span> <span class='ocrx_word' id='word_1_194' title='bbox 424 2792 479 2842; x_wconf 88' lang='lat' dir='ltr'><strong>ista</strong></span> <span class='ocrx_word' id='word_1_195' title='bbox 488 2793 556 2858; x_wconf 87' lang='lat' dir='ltr'><strong>peti,</strong></span> <span class='ocrx_word' id='word_1_196' title='bbox 568 2794 593 2843; x_wconf 87' lang='lat' dir='ltr'><strong>si</strong></span> <span class='ocrx_word' id='word_1_197' title='bbox 602 2793 642 2843; x_wconf 92' lang='lat' dir='ltr'><strong>nil</strong></span> <span class='ocrx_word' id='word_1_198' title='bbox 651 2792 770 2860; x_wconf 84' lang='lat' dir='ltr'><strong>perferre</strong></span> <span class='ocrx_word' id='word_1_199' title='bbox 780 2810 903 2846; x_wconf 87' lang='lat' dir='ltr'><strong>recusas:</strong></span> 
     </span>
     <span class='ocr_line' id='line_1_33' title="bbox 330 2865 825 2935; baseline 0.006 -19"><span class='ocrx_word' id='word_1_200' title='bbox 330 2865 452 2917; x_wconf 86' lang='lat' dir='ltr'><strong>invenies</strong></span> <span class='ocrx_word' id='word_1_201' title='bbox 463 2868 546 2935; x_wconf 85' lang='lat' dir='ltr'><strong>quite</strong></span> <span class='ocrx_word' id='word_1_202' title='bbox 556 2867 662 2932; x_wconf 86' lang='lat' dir='ltr'><strong>ducere,</strong></span> <span class='ocrx_word' id='word_1_203' title='bbox 673 2867 742 2933; x_wconf 86' lang='lat' dir='ltr'><strong>Sila,</strong></span> <span class='ocrx_word' id='word_1_204' title='bbox 752 2869 825 2920; x_wconf 82' lang='lat' dir='ltr'><strong>velit.</strong></span> 
     </span>
    </p>
   </div>
   <div class='ocr_carea' id='block_1_7' title="bbox 0 0 1386 3450">
    <p class='ocr_par' dir='ltr' id='par_1_20' title="bbox 0 0 1386 3450">
     <span class='ocr_line' id='line_1_34' title="bbox 0 0 1386 3450; baseline 0 0"><span class='ocrx_word' id='word_1_205' title='bbox 0 0 1386 3450; x_wconf 95' lang='lat' dir='ltr'><strong> </strong></span> 
     </span>
    </p>
   </div>
  </div>
 </body>
</html>
