2750 3450
455 395 774 445 Eetdnantmarum
795 400 863 445 utu.
886 401 940 446 vlt.
1047 400 1096 451 181

408 518 446 570 Di
455 527 571 572 mentem
581 523 633 573 tibi
644 523 709 573 dent
717 528 801 586 tuam,
812 521 946 583 Philaeni,

410 610 525 646 cunnum
535 596 639 665 lingere
649 613 719 664 quae
729 604 809 665 putas
819 598 907 649 virile.

488 703 522 743 68.
547 701 586 742 Ad
605 701 776 744 luctantium
797 703 905 744 Rufum.

301 776 498 828 Commendare
508 792 592 840 meas,
603 776 718 828 Instanti
729 777 807 840 Rufe,
819 779 971 831 Camoeuas

337 866 420 918 parce
430 867 527 917 precor
536 866 647 903 socero:
662 852 736 903 seria
744 852 839 904 forsan
849 859 932 903 amat.

301 925 409 988 Quodsi
418 925 538 977 lascivos
551 926 672 977 admittit
680 932 709 977 et
717 928 766 978 ille
775 927 894 990 libellos,

336 999 405 1051 haec
414 1016 465 1068 ego
476 1000 519 1052 vel
529 1000 612 1052 Curio
622 1000 806 1068 Fabricioque
815 1002 915 1068 legam.

464 1108 498 1148 69.
518 1107 558 1148 De
578 1105 743 1161 Theophila
761 1106 793 1147 ad
809 1105 930 1148 Conium.

298 1183 378 1234 Haec
388 1189 430 1235 est
438 1184 488 1235 illa
497 1182 549 1233 tibi
558 1183 695 1248 promissa
705 1179 869 1248 Theophila,
880 1182 957 1246 Cani,

337 1259 414 1309 cuius
426 1257 560 1322 Cecropia
569 1261 682 1323 pectora
693 1256 757 1308 dote
767 1256 886 1308 madent.

298 1332 380 1384 Hanc
390 1333 443 1384 sibi
452 1334 512 1385 iure
522 1336 597 1398 petat
607 1331 700 1399 magni
710 1332 782 1383 senis
792 1332 897 1383 Atticus
907 1329 1011 1392 hortus,

335 1423 387 1458 nec
395 1407 483 1458 minus
495 1422 553 1458 esse
563 1422 640 1457 suam
652 1404 747 1458 Stoica
755 1407 836 1457 turba
845 1407 920 1457 velit.

298 1482 382 1534 Vivet
392 1498 460 1549 opus
472 1480 651 1548 quodcunque
661 1496 710 1547 per
719 1479 769 1531 has
780 1482 902 1532 emiseris
913 1496 1007 1544 aures3

334 1562 392 1608 tam
402 1573 457 1608 non
467 1556 612 1607 femineum
622 1571 672 1606 nec
681 1556 814 1622 populare
824 1557 905 1621 sapit.

296 1631 362 1684 Non
371 1638 419 1682 tua
428 1630 576 1682 Pantaenis
586 1630 699 1681 nimium
709 1645 739 1680 se
748 1628 887 1696 praeferat
895 1630 948 1694 illi,

337 1707 460 1774 quamvis
470 1698 562 1757 Pierio
574 1705 610 1756 sit
619 1704 687 1756 bene
698 1709 765 1755 nota
775 1702 869 1756 choro.

297 1782 428 1833 Carmina
438 1781 582 1848 lingentem
593 1777 705 1845 Sappho
715 1778 840 1830 laudavit
850 1779 979 1829 amatr-lx:

336 1858 440 1907 castior
451 1854 527 1918 haec,
538 1860 567 1906 et
575 1870 631 1906 non
641 1854 750 1905 doctior
759 1853 810 1904 illa
818 1851 879 1903 fuit.

553 1963 588 2001 ยนl0.
613 1957 834 2002 lnvPlrilaenim.

408 2036 530 2103 ipsarum
540 2037 677 2087 tribadum
687 2034 784 2098 tribas,
795 2032 929 2097 Philaeni,

408 2117 489 2175 recte,
500 2127 580 2178 quam
590 2110 684 2174 futuis,
695 2125 779 2161 vocas
790 2110 914 2160 amicam.

516 2220 550 2258 ยน11.
575 2216 614 2258 De
635 2214 748 2259 familia
766 2212 871 2257 ficosa.ยน

293 2294 400 2346 Ficosa
410 2298 452 2343 est
460 2308 539 2355 uxor,
550 2292 650 2344 ficosus
661 2292 756 2358 etipse
766 2292 893 2342 maritus:

335 2368 394 2418 tilia
403 2368 490 2419 ficosa
500 2373 550 2431 cst,
562 2372 589 2417 et
597 2382 687 2434 gener,
700 2370 781 2432 atque
790 2380 889 2432 neposs

292 2459 347 2496 nec
356 2443 538 2509 dispensator,
548 2457 599 2492 nec
607 2440 716 2493 villicus
726 2439 816 2491 ulcere
826 2439 909 2505 turpi,

331 2533 384 2569 nec
391 2517 496 2585 rigidus
505 2516 605 2578 fossor,
616 2515 664 2566 sed
674 2530 725 2565 uec
735 2518 829 2565 arator
838 2518 908 2580 eget.

293 2594 365 2645 Cum
375 2592 430 2642 sint
439 2591 518 2643 ficosi
527 2592 631 2656 pariter
638 2590 803 2654 iuvenesque
816 2601 957 2654 senesque,

331 2683 377 2719 res
387 2667 458 2718 mira
467 2671 516 2728 est,
526 2664 593 2716 ficos
604 2680 659 2715 non
669 2661 752 2713 habet
761 2679 830 2714 unus
840 2677 913 2729 ager.

564 2772 598 2810 t2.
624 2766 664 2808 Ad
683 2764 822 2808 Paullum.

385 2844 485 2896 Gratus
493 2845 536 2899 sic
545 2845 729 2918 tibi2Paulle,
739 2846 780 2900 sit
787 2843 968 2900 Deccm'neta

367 2934 422 2969 nec
432 2922 497 2973 rani
506 2922 648 2995 triplices,
659 2927 828 2998 brevesque
837 2932 986 2993 mappam
