2750 3450
408 375 749 457 'nrrcunuunrusr
771 411 840 458 nra.
866 412 910 458 111.
1031 404 1065 459 75

345 535 483 596 Faustine,
494 533 576 599 plena
585 532 688 582 Bassus
697 533 756 584 ibat
764 535 793 584 in
802 532 896 598 rheda,

347 625 439 662 onmes
448 608 522 658 beati
534 608 628 672 copias
638 605 747 658 trahens
758 609 837 659 urris-

346 684 406 734 lllic
415 683 521 734 videres
532 680 629 731 frutice
639 680 726 732 nobili
737 683 836 746 caules,

346 764 373 810 et
382 764 524 822 utrumque
534 749 652 821 porrum,
664 757 826 822 sessilesque
835 757 965 820 lactucas,

347 833 478 899 pigroque
489 831 576 882 ventri
586 844 640 879 non
651 829 762 881 inutiles
773 831 858 881 betas.

346 907 408 957 lllic
418 919 547 956 coronam
559 903 704 970 pinguibus
714 919 823 971 gravem
833 905 929 969 turdis,

346 981 520 1047 leporemque
531 979 634 1028 laesum
646 977 746 1029 Gallici
759 980 834 1030 canis
846 980 941 1043 dente,⁸

345 1054 518 1119 nondumque
529 1053 601 1102 victa
610 1052 726 1103 lacteum
737 1053 802 1104 laba
816 1069 936 1120 porcum.

345 1128 403 1181 Nec
413 1128 526 1178 feriatus
537 1126 597 1176 ibat
606 1133 668 1177 ante
680 1142 828 1191 rammam,

346 1203 395 1254 sed
404 1206 463 1252 tuta
472 1200 555 1253 foeno
567 1217 662 1252 cursor
671 1217 725 1252 ova
738 1203 874 1268 portabat.

253 1281 256 1287 '
346 1277 460 1329 Romam
470 1275 580 1342 petebat
588 1275 709 1327 Bassusl
727 1277 812 1328 immo
822 1293 868 1328 rus
878 1277 945 1327 ibat.

573 1383 607 1422 48.
631 1378 670 1422 De
691 1379 761 1422 olla.

274 1454 406 1521 Pauperis
417 1456 550 1507 exstruxit
560 1457 664 1520 cellam,
675 1458 724 1509 sed
734 1459 855 1510 vendidit
865 1458 941 1509 Ollus

311 1529 438 1596 praedia:
453 1544 525 1582 nunc
535 1530 630 1582 cellam
641 1533 769 1598 pauperis
780 1533 857 1584 Ollus
866 1531 956 1583 habet.

518 1647 552 1688 49.
575 1643 607 1687 Iu
625 1646 816 1688 invitatorem.

275 1717 430 1772 Veientana
439 1717 505 1772 mihi
516 1723 623 1785 misces,
634 1727 663 1772 tu
674 1716 795 1773 Massica
806 1726 885 1788 potas
890 1702 909 1772 ει

313 1794 432 1847 olfacere
442 1793 510 1847 haec
520 1796 593 1848 malo
605 1796 713 1863 pocula,
726 1812 805 1863 quarn
814 1796 916 1847 bibere.

528 1922 562 1960 50.
586 1915 618 1960 lu
638 1918 811 1970 Ligurinum.

274 1989 355 2044 Haec
363 1987 424 2056 tibi,
435 2010 490 2044 non
501 1994 565 2056 alia,
577 1993 662 2044 estad
674 2008 787 2044 coenam
798 1994 1015 2057 commorandi,

313 2068 463 2118 versiculos
472 2069 570 2119 recites
581 2073 619 2130 ut,
631 2067 770 2135 Ligurine,
782 2073 853 2119 tuos.

273 2142 401 2207 Deposui
412 2142 514 2203 soleas3
531 2140 643 2193 all‘ertru
656 2144 780 2208 protinus
790 2144 885 2211 ingens

313 2216 384 2265 inter
393 2216 514 2267 lactucas
526 2231 730 2283 oxygarumque
744 2218 821 2269 liber.

272 2290 352 2341 Alter
361 2290 515 2357 perlegitur,
527 2291 588 2341 dum
600 2291 703 2342 fercula
714 2293 801 2357 prima
810 2298 961 2343 morantur:

313 2365 413 2415 tertius-
420 2371 469 2428 est,
479 2381 529 2416 nee
540 2364 628 2417 adhuc
637 2380 731 2417 mensa
741 2366 859 2417 secrmda
867 2368 949 2417 venit.

272 2438 313 2490 Et
324 2444 449 2505 quartum
458 2440 566 2502 recitas,
577 2447 604 2492 et
617 2442 738 2507 quintum
750 2441 865 2506 denique
875 2440 981 2491 librum.

313 2512 429 2564 Putidus
440 2520 489 2577 est,
499 2516 582 2565 toties
595 2516 619 2566 si
630 2513 695 2565 mihi
708 2516 787 2581 ponis
801 2530 903 2580 aprum.

275 2588 361 2650 Quod
370 2588 394 2639 si
403 2604 459 2639 nou
469 2590 602 2640 scombris
612 2590 746 2640 scelerata
756 2592 884 2655 poemata
895 2590 991 2652 donas,

315 2663 446 2715 coenabis
455 2663 530 2716 solus
538 2664 604 2728 iem,
614 2663 753 2730 Ligurine,
764 2664 847 2715 domi.

555 2780 589 2821 51.
611 2776 650 2819 Aa
670 2775 790 2820 Gallam.

274 2852 346 2904 curn
357 2851 455 2904 faciem
465 2853 559 2917 laudo,
570 2867 630 2905 curn
641 2854 726 2904 miror
736 2866 814 2904 curre
822 2867 983 2920 manusque3

316 2928 417 2993 dicere,
429 2926 520 2992 Galla,
530 2928 617 2980 solesr
628 2927 715 3038 pocla
724 2927 841 2998 placebo
849 2930 959 2998 magist

1083 2839 1107 2970 l
