2750 3450
307 343 356 396 3⁹8
460 343 715 391 DlVERSORUM
731 343 949 392 Portunum

399 467 448 514 aut
456 462 551 514 cornix
562 477 638 525 auus,
649 467 698 513 aut
706 476 827 528 aquosus
837 476 930 526 mser,

399 545 447 588 aut
457 552 554 588 corvus
564 537 658 587 nocuit
667 535 839 587 siticulosus:

400 612 447 663 sed
458 611 531 677 quod
541 612 662 661 earmina
670 610 782 677 pessimi
792 615 893 676 poetae

397 687 481 737 ramis
492 685 612 736 sustineo
623 684 781 735 laboriosis.

612 774 646 814 ⁶2.
665 772 797 826 Priapum

309 838 403 892 Securi
412 840 537 902 dormite,
549 854 642 891 canes:
658 839 795 890 custodiet
803 836 918 891 bortum

345 930 406 968 cum
416 914 470 965 sibi
479 913 580 965 dilecta
590 912 678 966 Sirius
688 913 817 980 Erigone.

614 1003 648 1043 6³.
669 1001 797 1055 Priapus.

381 1060 480 1112 Parum
492 1066 541 1124 est,
550 1058 618 1110 mihi
628 1060 675 1110 liri
686 1059 760 1126 quod
769 1056 816 1110 hic
825 1060 911 1131 miser
919 1062 1024 1128 mem,

383 1140 480 1203 agente
490 1140 564 1186 terra
572 1149 621 1200 per
631 1135 783 1185 caniculam
793 1134 887 1197 rimas,

383 1210 554 1262 siticulosum
564 1208 757 1261 sustinens-din
767 1213 914 1259 aestatemc

287 1324 293 1337 .
382 1297 521 1352 parumve,
532 1283 605 1350 quod
615 1281 782 1349 superlluuut
791 1281 868 1332 sinus
879 1282 993 1347 imbres,

384 1363 412 1410 et
420 1358 449 1409 in
460 1358 576 1424 capillos
585 1357 732 1424 grandines
742 1355 843 1406 cadunt
852 1362 975 1409 nostros.

382 1432 505 1499 rigetque
516 1432 584 1481 dura
593 1432 679 1481 barba
688 1432 781 1481 iuncta
791 1430 940 1495 crystallo:

384 1521 487 1572 parum,
499 1506 580 1572 quod,
591 1511 653 1556 acta
663 1505 713 1556 sub
723 1504 865 1556 laboribus
874 1504 946 1569 luce,

384 1595 477 1647 parem
489 1580 584 1630 diebus
594 1580 710 1646 pervigil
720 1578 798 1630 traho
809 1585 928 1631 noctem.

384 1654 447 1706 Huc
457 1655 535 1717 adde,
547 1654 620 1720 qnod
630 1670 672 1704 me
682 1653 830 1704 terribilem
841 1653 931 1705 Mum
943 1671 958 1707 e
968 1655 1043 1708 fuste

383 1746 479 1783 manus
490 1732 548 1781 sine
558 1735 615 1780 arte
625 1730 743 1780 rusticae
754 1728 926 1792 dolaverunt,

383 1807 507 1871 interque
518 1811 629 1855 minutos
640 1805 763 1854 ultimum
774 1802 849 1853 Deos
860 1818 971 1869 numen,

385 1880 583 1931 cucurbitarum
594 1879 699 1945 ligneus
709 1892 794 1928 vocor
804 1882 906 1928 custos.

383 1954 496 2005 Accedit
505 1954 566 2007 istis
576 1952 761 2019 impudentiae
771 1952 888 2019 signum,

383 2028 534 2079 libidinoso
544 2033 620 2078 tenta
630 2026 751 2093 pyramis
762 2041 855 2076 nervo.

384 2104 426 2154 ‚ld
437 2101 506 2152 lianc
516 2103 607 2168 puella
618 2105 715 2167 (paene
725 2116 823 2151 nomen
834 2101 939 2159 adieci)

385 2178 456 2229 solet
465 2178 556 2228 venire
567 2192 626 2227 cum
636 2192 686 2226 suo
698 2175 829 2237 fututore;

299 2291 310 2314 ,
385 2268 439 2318 quo
450 2256 492 2302 tot
502 2250 611 2317 figuras,
624 2256 691 2317 quot
701 2248 839 2300 Philaenis
849 2250 966 2316 invenit,

385 2342 440 2377 nou
450 2326 619 2388 admovente,
629 2325 756 2391 pruriosa
767 2324 893 2375 discedit

616 2415 650 2454 64.
669 2412 799 2466 Priapus.

405 2472 531 2535 Quidam,
541 2471 653 2523 mollior
663 2473 767 2521 anseris
781 2471 912 2537 medulla,

402 2546 521 2597 furatum
533 2548 606 2597 venit
614 2545 667 2596 buc
677 2562 770 2597 amore
779 2562 896 2611 poenae.

402 2621 518 2672 Furetur
526 2622 592 2672 licet
600 2636 694 2687 usque,
704 2637 758 2672 non
767 2621 877 2672 videbo.

579 2710 613 2750 65.
634 2709 673 2749 Ad
694 2710 831 2762 Priapum.

313 2768 367 2819 Hie
376 2768 437 2830 tibi,
447 2769 493 2833 qui
503 2772 593 2818 rostro
605 2770 755 2819 crescentia
763 2768 823 2818 lilia
832 2769 940 2832 mersit,

350 2842 472 2893 caeditur
483 2857 499 2892 a
508 2842 602 2909 tepida
610 2843 723 2893 viotinm
733 2858 830 2909 porcus
839 2839 919 2894 hara.
