2750 3450
444 354 926 428 unicornuorumnse.x1.'
1033 376 1083 429 289

277 500 397 556 Vicinos
407 503 450 556 ilii
460 504 564 556 nitidus
573 502 655 555 Maro
666 504 791 570 possidet
799 500 905 556 hortos.

319 579 456 632 coenabit
465 579 546 643 belle,
558 594 614 631 non
625 576 763 630 habitabit
772 579 852 646 Aper.

543 689 578 728 35.
602 685 641 727 Au
660 682 818 727 Fabullum.

392 777 505 847 ignotos
515 778 584 830 mihi
595 795 654 831 cum
668 788 752 831 voces
761 784 907 842 trecentos,

392 868 477 920 quare
487 871 543 906 nou
552 855 661 905 veniam
672 861 788 906 vocatus
799 860 861 916 ato,

392 930 510 993 miraris,
522 931 707 997 quererisque,
718 930 876 998 litigasque.

392 1002 475 1056 Solus
485 1020 582 1069 coeno,
593 1005 718 1068 Fabulle,
729 1020 785 1057 non
794 1004 915 1056 libenter.

510 1113 546 1155 36.
570 1110 610 1153 Do
629 1109 698 1153 Caio
718 1108 848 1153 Proculo.

281 1205 365 1257 Caius
375 1202 447 1256 hauc
455 1206 543 1257 lucem
554 1220 662 1273 gemma
671 1204 739 1256 mibi
749 1205 835 1257 lulius
845 1203 910 1256 alba

319 1281 419 1349 signat,
429 1281 458 1332 io
468 1281 542 1332 votis
552 1280 686 1345 redditus,
697 1297 769 1345 ecce,
779 1281 857 1332 niem.

280 1356 450 1422 Desperasse
460 1356 546 1419 iuvat,
556 1355 641 1408 veluti
650 1357 707 1407 iam
718 1362 800 1423 rupta
809 1370 936 1408 sororum

319 1431 380 1482 iila:
395 1431 484 1482 minus
494 1432 623 1498 gaudent,
636 1432 683 1498 qui
693 1432 809 1484 timuere
819 1429 898 1482 nihil.

283 1505 383 1573 Hypne
393 1506 458 1574 quid
469 1513 612 1573 exspectas
623 1505 717 1574 pigerl
736 1506 894 1558 immortale
904 1506 1049 1558 Falernum

318 1580 415 1632 funde:
430 1596 521 1632 senem
532 1588 649 1649 poscunt
658 1582 729 1632 talia
739 1587 805 1633 vota
815 1581 922 1633 cadum.

282 1656 464 1719 Quincunces,
475 1664 502 1708 et
511 1672 560 1708 sex
571 1655 697 1725 cyathos,
708 1658 868 1725 bessemque
882 1655 1018 1720 bibamus,

319 1732 402 1784 Gaius
412 1739 443 1784 ut
451 1733 501 1784 iiut
511 1732 596 1786 lulius
607 1739 634 1786 et
646 1732 790 1791 Proculus.

567 1861 603 1901 3'l.
627 1857 658 1900 ln
677 1854 796 1899 Zoilum.

282 1952 368 2016 Zoilo,
381 1953 447 2020 quid
458 1958 519 2004 tota
528 1967 663 2020 gemmam
673 1952 851 2019 praecingere
861 1948 934 2001 libra

318 2034 347 2080 to
356 2028 441 2091 iuvat,
453 2033 481 2079 et
492 2029 619 2079 miserum
631 2028 745 2094 perdere
755 2022 946 2092 sardonychai

282 2102 404 2156 Annulus
413 2104 466 2155 iste
475 2105 531 2155 tuis
542 2102 633 2155 furerat
641 2103 725 2154 modo
738 2102 862 2153 cruribus
873 2107 966 2167 aptus:

320 2194 375 2231 nou
387 2178 481 2230 cadem
493 2178 587 2247 digitis
597 2180 722 2245 pondera
732 2177 904 2230 conveniunt

501 2272 540 2344 38.Ι
562 2300 602 2343 De
622 2300 747 2344 mulione
766 2301 858 2344 surdo.

282 2392 372 2447 Mulio
382 2395 480 2464 uiginti
490 2396 566 2447 venit
575 2395 659 2447 modo
670 2396 802 2458 millibus,
812 2394 889 2446 Aule.

320 2468 434 2523 Miraris
444 2472 561 2538 pretium
571 2478 627 2521 tam
639 2468 739 2538 gravet
757 2469 856 2521 surdus
867 2474 934 2521 erat.

525 2594 559 2635 39.
583 2590 614 2634 In
634 2591 837 2635 Charidemum.

284 2686 420 2740 liuuomm
430 2687 523 2740 fueras
533 2691 633 2750 motor,
646 2684 818 2750 Charideme‚
829 2701 960 2750 mearum,

321 2769 349 2815 et
357 2764 435 2830 pueri
446 2768 547 2826 custos,
559 2761 741 2830 assiduusque
751 2777 852 2814 comes.

276 2835 341 2890 *lam
351 2835 420 2890 mibi
429 2839 587 2906 nigrescunt
595 2843 678 2890 tonsa
688 2837 802 2889 sudaria
811 2836 907 2901 barba,

276 2927 282 2966 l
320 2920 348 2966 et
357 2915 479 2982 queritur
488 2911 575 2964 labris
583 2918 685 2980 puncto
695 2912 880 2983 puellameis.

276 2975 292 3082 l,
344 3007 452 3052 massi
866 3009 891 3056 u
