2750 3450
330 422 363 472 80
617 423 833 469 nrnnrlnurs
855 438 861 453 ¹

332 613 405 674 Vult,
418 628 471 662 uon
482 611 540 663 vult
549 541 801 662 dareegalqaemlssilzl
807 554 864 660 ¹¹nec
879 609 973 663 dicere
990 627 1117 678 posernn,

367 687 507 753 quodvult
526 691 553 736 et
562 701 617 736 non
627 685 693 748 vult,
705 685 770 751 quid
779 685 834 735 sibi
849 682 932 735 Galla
942 686 1026 739 velit.

607 775 641 815 91.
665 772 705 814 De
723 772 841 814 Misitio.

332 843 398 891 Cum
409 845 511 907 peteret
520 841 625 906 patriae
635 839 756 890 Misitius
766 854 832 890 arva
844 837 1008 905 Ravennae,

367 916 494 966 semiviro
507 915 621 982 Cybeles
633 931 692 965 eunt
703 928 783 981 grege
791 914 881 964 iunxit
892 915 956 965 iter.

331 989 404 1040 Huic
414 1004 504 1040 comes
515 988 645 1040 haerebat
655 988 759 1039 domini
769 987 900 1055 fugitivus
909 987 1052 1056 Achillas,

367 1065 482 1131 insignis
492 1062 582 1114 forma
590 1064 765 1129 nequitiaque
776 1078 850 1129 puer.

332 1139 393 1190 Hoc
404 1139 509 1189 steriles
520 1153 627 1189 sensere
637 1138 703 1188 viri:
719 1152 773 1202 qua
782 1143 859 1204 parte
870 1137 996 1203 cubaret,

369 1219 512 1280 quaenmt3
527 1213 575 1264 sed
584 1213 684 1263 tacitos
695 1212 780 1262 sensit
790 1217 817 1262 et
824 1212 872 1263 ille
883 1212 976 1264 dolor.

279 1320 283 1327 -
331 1287 469 1350 Mentitur,
481 1287 605 1337 credunt:
620 1287 710 1337 somni
720 1293 783 1352 post
793 1287 857 1337 rina
866 1291 1015 1352 petunturz

369 1364 498 1413 continuo
508 1360 607 1412 ferrum
617 1362 703 1412 noxia
711 1362 791 1412 turba
800 1362 885 1427 rapit3

332 1437 513 1502 exciduntque
523 1451 622 1498 senem,
633 1436 755 1502 spondae
766 1436 812 1502 qui
821 1441 898 1502 parte
907 1435 1038 1501 iacebat3

368 1526 482 1577 namquo
492 1526 558 1577 puer
568 1512 660 1576 pluteo
671 1510 779 1561 vindice
791 1516 865 1561 tutus
876 1515 945 1560 erat.

333 1586 515 1653 Suppositam,
527 1585 602 1636 fama
612 1590 661 1649 est,
677 1585 814 1651 quondam
823 1600 873 1651 pro
885 1585 994 1651 virgine
1006 1600 1122 1649 cervant

370 1667 398 1710 at
407 1676 477 1710 nunc
486 1676 536 1727 pro
548 1676 627 1712 cervo
638 1660 759 1711 mentula
767 1659 910 1727 supposita
920 1666 972 1710 est.

607 1751 640 1791 92.
667 1747 707 1789 dd
725 1746 843 1792 Gallum.
903 1785 909 1798 ,

332 1816 368 1868 Ut
378 1820 467 1883 patiar
477 1814 627 1879 nroeohum,
637 1820 720 1883 rogat
728 1830 807 1878 uxor,
819 1813 910 1877 Galle3
925 1816 975 1868 sed
985 1832 1080 1872 unum.

370 1892 441 1943 lluic
451 1907 511 1958 ego,
521 1907 576 1942 non
588 1890 682 1941 oculos
694 1905 768 1952 eruo,
781 1887 868 1953 Galle,
882 1889 971 1942 duosi

575 1981 609 2020 93.
633 1976 664 2019 In
682 1975 877 2019 Vetustillam.

406 2046 472 2096 Cum
481 2045 533 2096 tibi
542 2045 655 2095 trecenti
666 2045 800 2107 eonsules,
812 2041 970 2110 Vetustinae,

405 2128 432 2171 ct
440 2126 496 2170 tres
509 2119 611 2184 capilli,
631 2124 800 2185 quatuorque
810 2117 865 2169 sint
875 2117 979 2182 dentes,

349 2191 356 2208 '
404 2200 496 2262 pectus
508 2193 627 2256 cicadae,
642 2193 847 2259 crusculumque
856 2192 1004 2258 formicac3

404 2269 573 2335 rugosiorem
584 2284 643 2319 oum
654 2283 733 2335 geras
743 2267 816 2318 stola
825 2266 952 2330 frontem,

405 2350 432 2394 et
442 2358 600 2394 aranearum
611 2343 733 2394 cassibus
747 2357 826 2409 pares
835 2356 982 2406 mammas3

406 2435 466 2469 oum
477 2423 636 2483 comparata
644 2418 759 2469 rictibus
768 2417 823 2467 tuls
835 2431 884 2467 ora

405 2492 528 2544 Niliacus
537 2490 638 2544 habeat
647 2492 802 2544 corcodilus
813 2495 937 2557 angusta,

406 2569 555 2634 meliusque
565 2584 648 2619 ranae
658 2566 780 2634 garriant
789 2563 971 2627 Ravennates,

406 2649 433 2693 ct
442 2643 575 2694 Adrianus
587 2643 692 2693 dulcius
704 2641 780 2691 milex
791 2644 890 2701 cantet,

407 2718 553 2783 videasque
564 2723 693 2783 quantum
703 2719 819 2766 noemae
828 2713 922 2764 vident
930 2727 1022 2778 mane,

397 2798 427 2843 ct
435 2792 508 2843 illud
521 2793 609 2857 olcas,
621 2791 698 2860 quod
706 2790 762 2841 uiri
774 2788 954 2853 caqellorunx,

388 2877 420 2919 et
431 2871 531 2922 anatis
542 2869 652 2922 habeas
665 2863 857 2932 orroqygium
863 2869 990 2913 mamae,

378 2960 548 3017 senemque
559 2948 715 3017 Cynicum
722 2942 825 2994 vincul
834 2943 939 2985 osseus
949 2933 1078 2977 cunm&
