2750 3450
382 336 704 385 obrenmunsture
729 338 797 385 blB.
823 339 854 385 V.

442 459 476 501 21.
499 455 531 499 In
550 456 650 500 fiotum
669 458 798 513 equitem.

253 530 363 596 genium
373 533 546 598 studiumque
554 533 608 585 tibi
619 548 762 600 moresque
776 549 914 606 genusque

260 612 324 655 sunt
332 607 441 673 equitis,
451 606 554 658 fateor:
571 612 662 659 cetera
671 608 759 674 plebis
769 606 862 660 hebes.

253 680 271 729 is
282 685 394 746 septeno
403 682 456 732 tibi
466 697 521 733 uon
531 687 594 734 sunt
604 683 736 734 subsellia
744 683 823 748 tenti,

258 760 290 805 ut
299 755 396 807 sedeas
405 757 466 808 viso
477 756 728 823 pallidusOeeano.

400 847 435 886 28·
455 843 622 895 nudulum,
641 845 673 888 do
693 845 838 888 Munereo.

295 920 332 971 Ut
340 919 409 972 bene
418 920 549 987 loquatur
557 922 711 988 sentiatque
720 921 884 986 Mamercus,

294 996 401 1047 efficere
410 994 503 1060 nullis,
512 995 589 1060 Aule,
599 996 722 1049 moribus
731 996 837 1063 possis:

294 1070 397 1136 pietate
407 1068 507 1121 boues
518 1069 628 1123 Curtios
638 1070 705 1122 lieet
712 1071 816 1135 vineas,

294 1145 385 1211 quiete
394 1142 508 1208 Nervus,
519 1146 649 1197 comitate
658 1143 792 1209 Rusones,

292 1218 431 1286 probitate
440 1217 561 1284 Macros,
573 1221 711 1288 aequitate
720 1220 872 1284 Mauricos,

293 1293 421 1345 oratione
430 1292 559 1362 Regulos,
570 1295 641 1346 iocis
651 1293 778 1346 Pnullos:

291 1367 460 1436 rubiginosis
470 1375 566 1420 cuneta
576 1369 703 1421 dentibus
712 1370 795 1421 rodit

292 1441 439 1494 Hominem
449 1443 598 1511 malignum
609 1443 704 1496 forsan
715 1459 774 1496 esse
783 1451 814 1495 tu
825 1444 935 1496 credesz

292 1531 345 1585 ego
356 1531 416 1569 esse
425 1519 553 1570 miserum
564 1519 656 1582 eredo,
667 1519 713 1570 eui
722 1518 814 1585 plnoet
822 1534 912 1571 nenio.

487 1607 523 1648 29.
547 1605 587 1648 Ad
608 1604 741 1649 Gelliam.

262 1679 372 1748 quondo
382 1679 503 1747 leporem
513 1682 600 1734 mittis
609 1679 686 1746 mihi,
698 1681 797 1746 Gellia,
808 1683 887 1748 diois,

264 1754 394 1806 ’ormosus
403 1762 515 1823 septem,
525 1757 628 1820 Marce,
640 1757 737 1809 diebus
746 1758 809 1809 eris.

272 1845 315 1881 non
326 1830 442 1894 derides,
452 1832 478 1882 si
490 1846 591 1895 verum,
601 1832 650 1883 lux
659 1846 730 1894 mea,
740 1846 850 1883 narras:

279 1904 340 1956 listi
348 1920 495 1973 nunquam,
506 1904 606 1970 Gellio,
615 1913 646 1957 tu
660 1906 790 1973 leporem.

473 2004 508 2044 80.
533 2002 572 2044 nd
590 2001 752 2045 Varronem.

295 2092 317 2141 o,
328 2075 484 2145 Sophocleo
494 2094 549 2130 non
557 2078 706 2131 inficiando
715 2078 859 2144 cothurno,

302 2153 403 2203 =minus
412 2154 441 2204 in
451 2152 570 2205 calabre
579 2154 753 2221 suspiciende
764 2154 839 2222 lyra3

310 2242 391 2293 opus:
406 2233 493 2279 necte
502 2226 613 2279 iommdi
624 2244 707 2281 soene
717 2229 818 2280 Catulli

316 2307 384 2365 neat,
396 2302 477 2353 cultis
488 2308 535 2354 eut
544 2303 634 2372 elegia
643 2304 744 2357 comis:

323 2391 335 2427 e
345 2375 454 2428 fumoso
463 2392 519 2428 non
530 2379 703 2445 aspernanda
712 2378 858 2430 Decembri

330 2451 385 2514 ino,
394 2451 538 2503 mittuntur
547 2468 617 2520 quae
626 2453 678 2505 tibi
687 2468 779 2504 mense
790 2467 857 2515 suo;

335 2524 388 2577 iius
397 2526 452 2576 nisi
461 2524 533 2578 forte
542 2527 603 2590 tibi,
613 2528 759 2596 potiusque
769 2528 886 2593 videtin,

344 2598 452 2652 {elicies
461 2602 583 2668 perdere,
593 2598 692 2666 Varro,
705 2617 798 2654 nuoes.

377 2703 417 2747 De
435 2703 502 2748 ludo
520 2719 672 2764 pnsrornru
690 2720 752 2751 eum
766 2707 913 2751 iuuencu-

362 2797 426 2835 uem
434 2784 562 2854 placidis
571 2783 951 2845 insuiteetmbsmuenoss
1010 2810 1053 2845 ..a

367 2874 417 2913 'am
427 2861 533 2926 facitis
543 2870 686 2944 pondero
697 2875 807 2926 muros
814 2866 912 2919 m&
