2750 3450
330 381 380 434 2⁶8
529 384 548 427 0
618 384 830 431 Maarmnls

423 505 457 545 la.
481 499 680 544 arcisterium
699 503 730 545 tle
750 502 872 545 Caesare
892 501 1025 545 Traiano.

421 595 535 647 Frustra
544 595 694 646 blanditiae
704 596 802 646 venitis
814 594 849 646 ad
858 611 901 646 me

424 670 525 721 attritis
535 668 707 720 miserabiles
716 670 834 721 labellis.

423 744 554 795 Dicturus
564 743 703 794 dominnm
714 742 846 811 deumque
855 759 910 796 non
921 761 993 796 sums

421 820 477 871 iam
487 833 541 868 non
552 823 594 868 est
603 818 680 870 locus
689 816 779 870 bacin
788 820 855 871 urbe
866 820 953 870 vobis.

421 893 463 945 Ad
473 888 591 942 Parthos
602 893 698 959 procul
706 894 745 944 ite
754 894 881 959 pileatos,

422 975 450 1020 et
458 972 560 1033 turpes,
569 963 747 1034 humilesque,
757 968 946 1035 supplicesque

421 1043 557 1110 pictorum
568 1041 630 1092 sola
639 1041 746 1092 basiate
755 1056 857 1108 regum.

421 1116 484 1169 Non
495 1121 537 1166 est
546 1113 591 1166 hic
602 1104 737 1177 dominns,
746 1115 795 1167 sed
804 1117 962 1181 imperator,

422 1190 470 1243 sed
480 1190 645 1241 iustissimus
656 1189 775 1242 omnium
785 1196 908 1241 senator:

422 1281 470 1333 per
480 1279 559 1332 quem
570 1264 603 1316 de
613 1263 713 1332 Stygia
722 1264 805 1316 domo
815 1265 928 1316 reducm
937 1270 979 1316 est

421 1340 503 1391 siccis
512 1340 617 1391 rustica
625 1338 735 1391 Veritas
746 1338 863 1405 capillis.

421 1414 485 1465 Hoc
494 1413 544 1464 sub
554 1413 687 1480 principe,
696 1415 720 1464 si
730 1416 815 1480 sapis,
827 1419 932 1478 caveto,

421 1488 521 1550 verbis,
531 1486 627 1551 Roma,
637 1489 774 1555 prioribus
780 1489 918 1555 loquaris.

602 1613 636 1652 13.
661 1610 700 1652 :ll
721 1611 848 1653 Marcum.

330 1701 425 1754 Litera
434 1701 545 1755 facundi
555 1710 661 1772 gratum
671 1703 737 1755 mibi
748 1705 845 1772 pignus
856 1703 938 1756 amici

368 1778 487 1844 pertulit,
496 1779 634 1832 Ausoniae
646 1780 719 1831 dona
728 1794 823 1830 severa
831 1786 927 1846 togae:

330 1867 384 1919 qua
393 1868 449 1903 non
458 1852 611 1917 Fabricius,
623 1854 670 1904 sed
683 1854 765 1905 vellet
774 1853 885 1919 Apicius
895 1854 945 1916 uti,

366 1927 449 1977 vellet
457 1926 602 1979 Maecenas
613 1929 794 1980 Caesarianus
804 1944 895 1993 eques.

330 2000 421 2051 Vilior
430 1999 499 2053 haec
508 2003 587 2053 nobis
598 2003 653 2053 alio
664 2005 787 2053 mittente
797 2003 906 2053 fuisset:

367 2091 422 2125 non
433 2089 592 2143 quacunque
601 2093 684 2128 manu
693 2079 805 2128 victima
815 2091 896 2128 caesa
905 2078 976 2128 litat.

330 2150 352 2201 A
362 2155 389 2201 te
400 2151 485 2200 missa
494 2151 576 2201 venit.
602 2151 713 2203 Possem
724 2153 778 2203 nisi
788 2168 884 2203 munus
895 2167 996 2216 amare,

367 2224 469 2287 Marce,
480 2230 569 2274 tuum:
585 2232 707 2292 poteram
718 2242 815 2277 nomen
826 2242 917 2277 amare
927 2241 1027 2277 meum.

330 2296 442 2350 Munere
453 2299 501 2349 sed
511 2300 572 2366 plus
582 2306 623 2350 est
633 2306 660 2351 et
669 2303 778 2352 nomine
788 2303 892 2368 gratius
902 2302 964 2368 ipso

369 2375 487 2425 officium
498 2373 572 2425 docti
582 2375 767 2443 iudiciumque
776 2377 837 2426 viri.

608 2499 642 2539 14.
665 2497 706 2540 acl
725 2498 843 2539 Roman.

404 2588 461 2637 lam
472 2603 554 2654 parce
564 2589 648 2653 lasso,
658 2588 755 2653 Roma,
768 2590 942 2657 gratulaturi,

403 2662 479 2713 lasso
494 2664 595 2714 clienti.
622 2664 758 2725 Quamdiu
771 2664 907 2716 salutator

405 2739 628 2789 anteambulones
638 2745 666 2789 et
674 2740 815 2806 togatulos
826 2740 896 2790 inter

405 2815 511 2861 centum
522 2813 647 2864 merebor
656 2813 798 2879 plumbeos
809 2814 853 2864 die
866 2817 941 2874 toto;

405 2900 466 2936 cum
477 2883 595 2953 Scorpus
610 2903 665 2938 nna
675 2888 830 2954 quindecim
844 2902 941 2954 graves
955 2885 1028 2942 bora
