2750 3450
438 374 756 453 arrcnamua‘rum
778 406 848 452 nra.
865 404 899 451 x,
1017 400 1066 453 aar

452 529 486 567 48.
509 525 597 567 Par-at
616 529 701 579 poeta
720 526 884 568 convivium.

271 636 387 688 Nuntiat
397 642 522 705 octaqam
532 633 649 686 Phariae
660 651 710 686 sua
719 635 800 686 turba
807 637 948 700 iuvencae,

310 716 338 761 et
346 711 433 777 pilata
443 710 522 771 redit,
533 711 642 776 iamque
653 710 780 776 subitque
790 709 898 762 cohors.
970 721 973 729 '

273 788 420 850 Temperat
428 782 497 835 haec
506 782 634 846 thermas,
645 785 747 835 nimios
757 785 834 850 prior
843 783 912 835 hora
921 800 1038 852 vapores

303 859 394 922 'halat
406 865 432 910 et
441 859 590 910 immodico
602 863 681 909 sexta
690 857 799 910 Nerone
810 860 889 910 calet.

273 935 368 996 Stella,
378 932 480 1000 Nepos,
492 933 569 995 Cani,
582 932 711 995 Cerealia,
721 932 829 996 Flacce,
840 932 955 985 venitis!

311 1008 419 1074 Septem
431 1010 519 1075 sigma
530 1008 612 1072 capit,
623 1022 783 1070 erexerimus,
794 1008 864 1059 adde
875 1007 991 1075 Lupum.

273 1085 476 1135 Exoneraturas
486 1088 605 1134 ventrem
616 1080 686 1132 mihi
693 1082 787 1133 villica
798 1083 903 1135 malvas

311 1158 411 1220 attulit,
422 1162 450 1208 et
459 1157 559 1218 varias,
571 1171 638 1222 quas
649 1155 732 1208 hahet
741 1155 845 1221 hortus,
857 1174 938 1225 opesr

272 1236 303 1284 in
317 1233 414 1299 quibus
425 1236 467 1283 cst
475 1233 584 1282 lactuca
594 1230 700 1293 sedens,
711 1236 738 1281 et
747 1232 841 1283 sectile
852 1249 975 1298 porrum:

310 1323 360 1358 nec
370 1307 447 1358 deest
455 1306 588 1357 ructatrix
598 1304 715 1368 mentha,
726 1321 776 1357 nec
785 1305 869 1358 herba
879 1309 966 1359 salax.

274 1381 356 1434 Secta
367 1381 537 1432 coronabunt
545 1385 651 1431 rutatos
662 1395 715 1432 ova
726 1381 854 1445 lacertos,

311 1463 338 1507 et
347 1455 485 1507 madidum
495 1453 592 1521 thynni
603 1454 637 1505 dc
647 1455 705 1505 sale
716 1471 810 1506 sumen
819 1459 879 1507 erit.

275 1528 477 1583 Gustnsinhis.
497 1529 557 1579 Una
567 1535 683 1595 ponetur
694 1530 809 1580 coenula
819 1547 922 1595 mensa,

311 1604 424 1667 haeum,
434 1603 575 1654 inhumani
585 1609 679 1668 raptus
691 1604 725 1654 ab
737 1619 784 1655 ore
794 1604 866 1670 lupi:

274 1686 310 1744 et,
322 1694 391 1747 quae
406 1694 461 1731 non
475 1684 573 1746 egeant
581 1677 654 1729 ferro
666 1680 819 1742 structoris,
831 1680 939 1745 ofellae,

313 1761 340 1805 et
348 1755 414 1805 faba
422 1754 572 1816 fabrorum,
586 1754 790 1820 prototomique
799 1755 890 1805 rudes.

279 1828 369 1881 i’ullus
381 1826 501 1890 adhaec,
513 1829 659 1894 coenisque
667 1828 755 1879 trihus
766 1830 821 1878 iam
837 1845 922 1895 perna
932 1839 1068 1898 superstes

314 1904 441 1955 addetur:
456 1904 556 1954 saturis
567 1903 646 1952 mitia
656 1917 739 1968 poma
749 1903 835 1954 dabo:

276 1980 310 2031 de
325 1977 497 2029 Nomentana
507 1979 598 2028 vinum
611 1978 669 2027 sinc
679 1976 756 2028 faece
766 1977 873 2045 lagena,

314 2068 384 2120 quae
394 2052 436 2103 bis
445 2051 578 2103 Frontino
593 2052 704 2103 consule
714 2053 794 2119 plena
802 2052 863 2103 suit.

273 2127 411 2180 Accedent
420 2128 479 2177 sine
487 2126 551 2177 felle
561 2127 626 2188 ioci,
636 2141 686 2176 nec
696 2142 775 2199 mane
784 2128 905 2199 timenda

312 2202 434 2263 libertas,
446 2201 529 2263 ethii,
541 2201 614 2267 quod
624 2202 744 2251 tacuisse
754 2202 831 2253 velis.

274 2279 317 2329 De
328 2276 444 2329 Prasino
456 2276 571 2326 conviva
580 2290 664 2337 meus,
675 2274 834 2343 Venetoque
843 2277 985 2343 loquatur:

311 2366 363 2404 nec
372 2351 475 2402 facient
485 2365 645 2416 quemqnam
658 2349 759 2416 pocula
768 2357 864 2402 nostra
873 2367 957 2403 rcum.

558 2507 592 2547 49.
614 2503 646 2546 In
665 2503 782 2547 Cottam.

369 2616 435 2668 Cum
446 2622 524 2683 potes
536 2613 734 2681 amethystinos
743 2616 865 2680 trientes,

369 2697 397 2743 et
405 2692 484 2758 nigro
494 2690 605 2741 madeas
617 2690 778 2756 Opimiano:

368 2767 500 2833 propinas
515 2765 597 2816 modo
609 2764 747 2816 conditum
758 2764 901 2831 Sabinum,

369 2846 397 2892 et
407 2841 476 2891 dicis
486 2838 562 2903 mihi,
573 2838 663 2903 Cotta,
673 2837 723 2891 Via
732 2840 762 2891 in
773 2840 858 2892 eruci

371 2915 520 2983 Quisquam
529 2915 658 2982 plumbea
667 2914 735 2969 rina
742 2915 846 2970 unitin
854 2916 946 2969 aurat
