<?xml version="1.0" encoding="UTF-8"?>
<!DOCTYPE html PUBLIC "-//W3C//DTD XHTML 1.0 Transitional//EN"
    "http://www.w3.org/TR/xhtml1/DTD/xhtml1-transitional.dtd">
<html xmlns="http://www.w3.org/1999/xhtml" xml:lang="en" lang="en">
 <head>
  <title>
</title>
<meta http-equiv="Content-Type" content="text/html;charset=utf-8" />
  <meta name='ocr-system' content='tesseract 3.04.00' />
  <meta name='ocr-capabilities' content='ocr_page ocr_carea ocr_par ocr_line ocrx_word'/>
</head>
<body>
  <div class='ocr_page' id='page_1' title='image "./mvaleriimartial03martgoog_0276.png"; bbox 0 0 2750 3450; ppageno 0'>
   <div class='ocr_carea' id='block_1_1' title="bbox 459 352 1086 451">
    <p class='ocr_par' dir='ltr' id='par_1_1' title="bbox 459 352 1086 451">
     <span class='ocr_line' id='line_1_1' title="bbox 459 352 1086 451; baseline 0.003 -8"><span class='ocrx_word' id='word_1_1' title='bbox 459 352 777 444; x_wconf 48' lang='lat' dir='ltr'><strong>miracimmum</strong></span> <span class='ocrx_word' id='word_1_2' title='bbox 798 396 918 451; x_wconf 59' lang='lat' dir='ltr'><strong>arear.</strong></span> <span class='ocrx_word' id='word_1_3' title='bbox 1036 395 1086 445; x_wconf 68' lang='lat' dir='ltr'><strong>m</strong></span> 
     </span>
    </p>
   </div>
   <div class='ocr_carea' id='block_1_2' title="bbox 293 517 986 806">
    <p class='ocr_par' dir='ltr' id='par_1_2' title="bbox 293 517 986 663">
     <span class='ocr_line' id='line_1_2' title="bbox 293 517 986 588; baseline -0.01 -13"><span class='ocrx_word' id='word_1_4' title='bbox 293 521 371 575; x_wconf 87' lang='lat' dir='ltr'><strong>Scire</strong></span> <span class='ocrx_word' id='word_1_5' title='bbox 382 520 459 588; x_wconf 86' lang='lat' dir='ltr'><strong>copis</strong></span> <span class='ocrx_word' id='word_1_6' title='bbox 469 534 523 587; x_wconf 92' lang='lat' dir='ltr'><strong>quo</strong></span> <span class='ocrx_word' id='word_1_7' title='bbox 534 524 611 571; x_wconf 67' lang='lat' dir='ltr'><strong>outa</strong></span> <span class='ocrx_word' id='word_1_8' title='bbox 619 518 703 570; x_wconf 90' lang='lat' dir='ltr'><strong>modo</strong></span> <span class='ocrx_word' id='word_1_9' title='bbox 714 524 840 570; x_wconf 81' lang='lat' dir='ltr'><strong>matrona</strong></span> <span class='ocrx_word' id='word_1_10' title='bbox 849 517 986 585; x_wconf 83' lang='lat' dir='ltr'><strong>loquaris:</strong></span> 
     </span>
     <span class='ocr_line' id='line_1_3' title="bbox 331 592 969 663; baseline -0.009 -15"><span class='ocrx_word' id='word_1_11' title='bbox 331 595 461 663; x_wconf 88' lang='lat' dir='ltr'><strong>numquid</strong></span> <span class='ocrx_word' id='word_1_12' title='bbox 472 610 531 646; x_wconf 92' lang='lat' dir='ltr'><strong>cum</strong></span> <span class='ocrx_word' id='word_1_13' title='bbox 543 594 653 656; x_wconf 73' lang='lat' dir='ltr'><strong>cussus,</strong></span> <span class='ocrx_word' id='word_1_14' title='bbox 661 593 791 645; x_wconf 90' lang='lat' dir='ltr'><strong>blandior</strong></span> <span class='ocrx_word' id='word_1_15' title='bbox 801 607 860 643; x_wconf 88' lang='lat' dir='ltr'><strong>esse</strong></span> <span class='ocrx_word' id='word_1_16' title='bbox 875 592 969 659; x_wconf 71' lang='lat' dir='ltr'><strong>potest</strong></span> 
     </span>
    </p>

    <p class='ocr_par' dir='ltr' id='par_1_3' title="bbox 294 663 964 806">
     <span class='ocr_line' id='line_1_4' title="bbox 294 663 964 731; baseline -0.006 -8"><span class='ocrx_word' id='word_1_17' title='bbox 294 672 338 723; x_wconf 91' lang='lat' dir='ltr'><strong>Tu</strong></span> <span class='ocrx_word' id='word_1_18' title='bbox 347 671 412 722; x_wconf 75' lang='lat' dir='ltr'><strong>hcet</strong></span> <span class='ocrx_word' id='word_1_19' title='bbox 422 668 530 721; x_wconf 88' lang='lat' dir='ltr'><strong>ediscas</strong></span> <span class='ocrx_word' id='word_1_20' title='bbox 538 672 626 718; x_wconf 85' lang='lat' dir='ltr'><strong>totam</strong></span> <span class='ocrx_word' id='word_1_21' title='bbox 635 666 739 719; x_wconf 81' lang='lat' dir='ltr'><strong>referas</strong></span> <span class='ocrx_word' id='word_1_22' title='bbox 758 683 792 718; x_wconf 88' lang='lat' dir='ltr'><strong>uc</strong></span> <span class='ocrx_word' id='word_1_23' title='bbox 803 663 964 731; x_wconf 77' lang='lat' dir='ltr'><strong>corinthon,</strong></span> 
     </span>
     <span class='ocr_line' id='line_1_5' title="bbox 330 738 886 806; baseline -0.013 -8"><span class='ocrx_word' id='word_1_24' title='bbox 330 750 486 798; x_wconf 86' lang='lat' dir='ltr'><strong>nontamen</strong></span> <span class='ocrx_word' id='word_1_25' title='bbox 498 743 617 805; x_wconf 85' lang='lat' dir='ltr'><strong>omuino,</strong></span> <span class='ocrx_word' id='word_1_26' title='bbox 628 738 736 806; x_wconf 88' lang='lat' dir='ltr'><strong>Laelia,</strong></span> <span class='ocrx_word' id='word_1_27' title='bbox 771 740 886 792; x_wconf 82' lang='lat' dir='ltr'><strong>siseris.</strong></span> 
     </span>
    </p>
   </div>
   <div class='ocr_carea' id='block_1_3' title="bbox 583 843 794 889">
    <p class='ocr_par' dir='ltr' id='par_1_4' title="bbox 583 843 794 889">
     <span class='ocr_line' id='line_1_6' title="bbox 583 843 794 889; baseline -0.005 0"><span class='ocrx_word' id='word_1_28' title='bbox 583 848 617 889; x_wconf 56' lang='grc' dir='ltr'><strong>θα</strong></span> <span class='ocrx_word' id='word_1_29' title='bbox 643 845 684 888; x_wconf 83' lang='lat' dir='ltr'><strong>De</strong></span> <span class='ocrx_word' id='word_1_30' title='bbox 701 843 794 889; x_wconf 70' lang='lat' dir='ltr'><strong>Pollu.</strong></span> 
     </span>
    </p>
   </div>
   <div class='ocr_carea' id='block_1_4' title="bbox 294 938 945 1076">
    <p class='ocr_par' dir='ltr' id='par_1_5' title="bbox 294 938 945 1076">
     <span class='ocr_line' id='line_1_7' title="bbox 294 938 945 1005; baseline -0.005 -12"><span class='ocrx_word' id='word_1_31' title='bbox 294 941 428 994; x_wconf 79' lang='lat' dir='ltr'><strong>Custodes</strong></span> <span class='ocrx_word' id='word_1_32' title='bbox 439 941 498 1003; x_wconf 88' lang='lat' dir='ltr'><strong>das,</strong></span> <span class='ocrx_word' id='word_1_33' title='bbox 508 938 597 1002; x_wconf 80' lang='lat' dir='ltr'><strong>Polie,</strong></span> <span class='ocrx_word' id='word_1_34' title='bbox 609 939 683 1000; x_wconf 82' lang='lat' dir='ltr'><strong>riro;</strong></span> <span class='ocrx_word' id='word_1_35' title='bbox 697 954 753 990; x_wconf 84' lang='lat' dir='ltr'><strong>nou</strong></span> <span class='ocrx_word' id='word_1_36' title='bbox 763 939 865 1005; x_wconf 77' lang='lat' dir='ltr'><strong>recipis</strong></span> <span class='ocrx_word' id='word_1_37' title='bbox 875 938 945 1005; x_wconf 82' lang='lat' dir='ltr'><strong>ipsu.</strong></span> 
     </span>
     <span class='ocr_line' id='line_1_8' title="bbox 330 1012 891 1076; baseline -0.011 -8"><span class='ocrx_word' id='word_1_38' title='bbox 330 1015 394 1068; x_wconf 87' lang='lat' dir='ltr'><strong>Hoc</strong></span> <span class='ocrx_word' id='word_1_39' title='bbox 403 1020 446 1066; x_wconf 88' lang='lat' dir='ltr'><strong>est</strong></span> <span class='ocrx_word' id='word_1_40' title='bbox 454 1028 567 1066; x_wconf 75' lang='lat' dir='ltr'><strong>morem</strong></span> <span class='ocrx_word' id='word_1_41' title='bbox 577 1013 685 1076; x_wconf 85' lang='lat' dir='ltr'><strong>ducere,</strong></span> <span class='ocrx_word' id='word_1_42' title='bbox 697 1012 786 1076; x_wconf 83' lang='lat' dir='ltr'><strong>Polis,</strong></span> <span class='ocrx_word' id='word_1_43' title='bbox 795 1014 891 1064; x_wconf 80' lang='lat' dir='ltr'><strong>virum.</strong></span> 
     </span>
    </p>
   </div>
   <div class='ocr_carea' id='block_1_5' title="bbox 559 1116 812 1161">
    <p class='ocr_par' dir='ltr' id='par_1_6' title="bbox 559 1116 812 1161">
     <span class='ocr_line' id='line_1_9' title="bbox 559 1116 812 1161; baseline -0.008 0"><span class='ocrx_word' id='word_1_44' title='bbox 559 1121 594 1161; x_wconf 82' lang='lat' dir='ltr'><strong>to.</strong></span> <span class='ocrx_word' id='word_1_45' title='bbox 619 1116 660 1160; x_wconf 78' lang='lat' dir='ltr'><strong>rid</strong></span> <span class='ocrx_word' id='word_1_46' title='bbox 678 1117 812 1161; x_wconf 79' lang='lat' dir='ltr'><strong>Potitum.</strong></span> 
     </span>
    </p>
   </div>
   <div class='ocr_carea' id='block_1_6' title="bbox 293 1210 1048 2248">
    <p class='ocr_par' dir='ltr' id='par_1_7' title="bbox 294 1210 919 1351">
     <span class='ocr_line' id='line_1_10' title="bbox 294 1210 919 1276; baseline -0.002 -13"><span class='ocrx_word' id='word_1_47' title='bbox 294 1212 377 1275; x_wconf 71' lang='lat' dir='ltr'><strong>Quod</strong></span> <span class='ocrx_word' id='word_1_48' title='bbox 385 1210 453 1263; x_wconf 87' lang='lat' dir='ltr'><strong>mihi</strong></span> <span class='ocrx_word' id='word_1_49' title='bbox 462 1212 508 1264; x_wconf 83' lang='lat' dir='ltr'><strong>vir</strong></span> <span class='ocrx_word' id='word_1_50' title='bbox 516 1228 586 1265; x_wconf 85' lang='lat' dir='ltr'><strong>uuus</strong></span> <span class='ocrx_word' id='word_1_51' title='bbox 595 1217 656 1265; x_wconf 91' lang='lat' dir='ltr'><strong>toto</strong></span> <span class='ocrx_word' id='word_1_52' title='bbox 666 1211 737 1263; x_wconf 87' lang='lat' dir='ltr'><strong>liber</strong></span> <span class='ocrx_word' id='word_1_53' title='bbox 745 1216 826 1263; x_wconf 82' lang='lat' dir='ltr'><strong>creat</strong></span> <span class='ocrx_word' id='word_1_54' title='bbox 835 1225 919 1276; x_wconf 77' lang='lat' dir='ltr'><strong>me,</strong></span> 
     </span>
     <span class='ocr_line' id='line_1_11' title="bbox 332 1285 874 1351; baseline 0 -13"><span class='ocrx_word' id='word_1_55' title='bbox 332 1287 455 1338; x_wconf 74' lang='lat' dir='ltr'>desidiae</span> <span class='ocrx_word' id='word_1_56' title='bbox 462 1287 514 1339; x_wconf 85' lang='lat' dir='ltr'><strong>tibi</strong></span> <span class='ocrx_word' id='word_1_57' title='bbox 523 1302 591 1351; x_wconf 81' lang='lat' dir='ltr'><strong>sem,</strong></span> <span class='ocrx_word' id='word_1_58' title='bbox 602 1287 683 1339; x_wconf 91' lang='lat' dir='ltr'><strong>docte</strong></span> <span class='ocrx_word' id='word_1_59' title='bbox 691 1285 793 1348; x_wconf 84' lang='lat' dir='ltr'><strong>Potite,</strong></span> <span class='ocrx_word' id='word_1_60' title='bbox 803 1300 874 1338; x_wconf 75' lang='lat' dir='ltr'><strong>ress.</strong></span> 
     </span>
    </p>

    <p class='ocr_par' dir='ltr' id='par_1_8' title="bbox 293 1360 924 1502">
     <span class='ocr_line' id='line_1_12' title="bbox 293 1360 924 1428; baseline -0.003 -15"><span class='ocrx_word' id='word_1_61' title='bbox 293 1362 394 1413; x_wconf 89' lang='lat' dir='ltr'><strong>Iustius</strong></span> <span class='ocrx_word' id='word_1_62' title='bbox 404 1367 433 1412; x_wconf 89' lang='lat' dir='ltr'><strong>at</strong></span> <span class='ocrx_word' id='word_1_63' title='bbox 442 1367 543 1428; x_wconf 85' lang='lat' dir='ltr'><strong>quanto</strong></span> <span class='ocrx_word' id='word_1_64' title='bbox 554 1363 660 1424; x_wconf 79' lang='lat' dir='ltr'>mirere,</span> <span class='ocrx_word' id='word_1_65' title='bbox 671 1360 746 1428; x_wconf 90' lang='lat' dir='ltr'><strong>quod</strong></span> <span class='ocrx_word' id='word_1_66' title='bbox 755 1365 836 1412; x_wconf 83' lang='lat' dir='ltr'><strong>creet</strong></span> <span class='ocrx_word' id='word_1_67' title='bbox 844 1375 924 1423; x_wconf 86' lang='lat' dir='ltr'><strong>uuus,</strong></span> 
     </span>
     <span class='ocr_line' id='line_1_13' title="bbox 330 1434 838 1502; baseline -0.004 -14"><span class='ocrx_word' id='word_1_68' title='bbox 330 1435 459 1488; x_wconf 80' lang='lat' dir='ltr'><strong>labantur</strong></span> <span class='ocrx_word' id='word_1_69' title='bbox 467 1437 521 1488; x_wconf 89' lang='lat' dir='ltr'><strong>toti</strong></span> <span class='ocrx_word' id='word_1_70' title='bbox 531 1451 589 1487; x_wconf 90' lang='lat' dir='ltr'><strong>cum</strong></span> <span class='ocrx_word' id='word_1_71' title='bbox 600 1434 668 1487; x_wconf 83' lang='lat' dir='ltr'><strong>milri</strong></span> <span class='ocrx_word' id='word_1_72' title='bbox 677 1450 761 1502; x_wconf 80' lang='lat' dir='ltr'><strong>saepe</strong></span> <span class='ocrx_word' id='word_1_73' title='bbox 769 1435 838 1488; x_wconf 85' lang='lat' dir='ltr'><strong>dies.</strong></span> 
     </span>
    </p>

    <p class='ocr_par' dir='ltr' id='par_1_9' title="bbox 294 1509 937 1652">
     <span class='ocr_line' id='line_1_14' title="bbox 294 1509 937 1573; baseline -0.002 -11"><span class='ocrx_word' id='word_1_74' title='bbox 294 1509 373 1562; x_wconf 89' lang='lat' dir='ltr'><strong>Nunc</strong></span> <span class='ocrx_word' id='word_1_75' title='bbox 383 1509 563 1562; x_wconf 73' lang='lat' dir='ltr'>resalutantes</span> <span class='ocrx_word' id='word_1_76' title='bbox 574 1511 655 1563; x_wconf 88' lang='lat' dir='ltr'><strong>video</strong></span> <span class='ocrx_word' id='word_1_77' title='bbox 665 1515 814 1563; x_wconf 86' lang='lat' dir='ltr'><strong>nocturnus</strong></span> <span class='ocrx_word' id='word_1_78' title='bbox 824 1510 937 1573; x_wconf 81' lang='lat' dir='ltr'><strong>amicos,</strong></span> 
     </span>
     <span class='ocr_line' id='line_1_15' title="bbox 331 1582 908 1652; baseline -0.005 -17"><span class='ocrx_word' id='word_1_79' title='bbox 331 1584 456 1652; x_wconf 82' lang='lat' dir='ltr'><strong>gratulor</strong></span> <span class='ocrx_word' id='word_1_80' title='bbox 465 1589 493 1635; x_wconf 88' lang='lat' dir='ltr'><strong>et</strong></span> <span class='ocrx_word' id='word_1_81' title='bbox 501 1585 607 1647; x_wconf 81' lang='lat' dir='ltr'><strong>multis3</strong></span> <span class='ocrx_word' id='word_1_82' title='bbox 622 1599 712 1646; x_wconf 89' lang='lat' dir='ltr'><strong>nemo,</strong></span> <span class='ocrx_word' id='word_1_83' title='bbox 722 1583 823 1647; x_wconf 84' lang='lat' dir='ltr'><strong>Potite,</strong></span> <span class='ocrx_word' id='word_1_84' title='bbox 833 1582 908 1634; x_wconf 88' lang='lat' dir='ltr'><strong>mihi.</strong></span> 
     </span>
    </p>

    <p class='ocr_par' dir='ltr' id='par_1_10' title="bbox 294 1657 997 1799">
     <span class='ocr_line' id='line_1_16' title="bbox 294 1657 997 1726; baseline -0.004 -16"><span class='ocrx_word' id='word_1_85' title='bbox 294 1657 373 1710; x_wconf 88' lang='lat' dir='ltr'><strong>Nunc</strong></span> <span class='ocrx_word' id='word_1_86' title='bbox 382 1657 418 1709; x_wconf 89' lang='lat' dir='ltr'><strong>ad</strong></span> <span class='ocrx_word' id='word_1_87' title='bbox 429 1657 569 1709; x_wconf 79' lang='lat' dir='ltr'><strong>luciferam</strong></span> <span class='ocrx_word' id='word_1_88' title='bbox 580 1660 671 1726; x_wconf 82' lang='lat' dir='ltr'><strong>signat</strong></span> <span class='ocrx_word' id='word_1_89' title='bbox 680 1673 742 1709; x_wconf 86' lang='lat' dir='ltr'><strong>mea</strong></span> <span class='ocrx_word' id='word_1_90' title='bbox 751 1673 858 1725; x_wconf 82' lang='lat' dir='ltr'><strong>gemma</strong></span> <span class='ocrx_word' id='word_1_91' title='bbox 866 1657 997 1708; x_wconf 75' lang='lat' dir='ltr'><strong>Dianame</strong></span> 
     </span>
     <span class='ocr_line' id='line_1_17' title="bbox 331 1734 963 1799; baseline 0 -16"><span class='ocrx_word' id='word_1_92' title='bbox 331 1748 402 1784; x_wconf 88' lang='lat' dir='ltr'><strong>nuuc</strong></span> <span class='ocrx_word' id='word_1_93' title='bbox 410 1748 454 1784; x_wconf 88' lang='lat' dir='ltr'><strong>me</strong></span> <span class='ocrx_word' id='word_1_94' title='bbox 464 1734 552 1799; x_wconf 77' lang='lat' dir='ltr'><strong>prime</strong></span> <span class='ocrx_word' id='word_1_95' title='bbox 561 1735 624 1796; x_wconf 86' lang='lat' dir='ltr'><strong>sibi,</strong></span> <span class='ocrx_word' id='word_1_96' title='bbox 633 1749 706 1784; x_wconf 90' lang='lat' dir='ltr'><strong>uuuc</strong></span> <span class='ocrx_word' id='word_1_97' title='bbox 714 1734 768 1784; x_wconf 87' lang='lat' dir='ltr'><strong>sibi</strong></span> <span class='ocrx_word' id='word_1_98' title='bbox 778 1735 874 1799; x_wconf 86' lang='lat' dir='ltr'><strong>quinta</strong></span> <span class='ocrx_word' id='word_1_99' title='bbox 882 1734 963 1798; x_wconf 84' lang='lat' dir='ltr'><strong>rapit</strong></span> 
     </span>
    </p>

    <p class='ocr_par' dir='ltr' id='par_1_11' title="bbox 294 1806 1048 1949">
     <span class='ocr_line' id='line_1_18' title="bbox 294 1806 1048 1874; baseline 0.001 -15"><span class='ocrx_word' id='word_1_100' title='bbox 294 1807 373 1871; x_wconf 83' lang='lat' dir='ltr'><strong>Nuuc</strong></span> <span class='ocrx_word' id='word_1_101' title='bbox 381 1808 485 1870; x_wconf 89' lang='lat' dir='ltr'><strong>consul,</strong></span> <span class='ocrx_word' id='word_1_102' title='bbox 496 1814 640 1873; x_wconf 73' lang='lat' dir='ltr'><strong>praetorve</strong></span> <span class='ocrx_word' id='word_1_103' title='bbox 648 1812 731 1870; x_wconf 85' lang='lat' dir='ltr'><strong>tenet,</strong></span> <span class='ocrx_word' id='word_1_104' title='bbox 741 1807 908 1874; x_wconf 76' lang='lat' dir='ltr'><strong>reducesque</strong></span> <span class='ocrx_word' id='word_1_105' title='bbox 918 1806 1048 1860; x_wconf 78' lang='lat' dir='ltr'><strong>choreaes</strong></span> 
     </span>
     <span class='ocr_line' id='line_1_19' title="bbox 331 1882 760 1949; baseline -0.002 -16"><span class='ocrx_word' id='word_1_106' title='bbox 331 1882 443 1933; x_wconf 85' lang='lat' dir='ltr'><strong>auditur</strong></span> <span class='ocrx_word' id='word_1_107' title='bbox 450 1887 510 1933; x_wconf 90' lang='lat' dir='ltr'><strong>toto</strong></span> <span class='ocrx_word' id='word_1_108' title='bbox 521 1897 603 1948; x_wconf 83' lang='lat' dir='ltr'><strong>saepe</strong></span> <span class='ocrx_word' id='word_1_109' title='bbox 613 1888 697 1949; x_wconf 74' lang='lat' dir='ltr'><strong>poeta</strong></span> <span class='ocrx_word' id='word_1_110' title='bbox 706 1882 760 1933; x_wconf 86' lang='lat' dir='ltr'><strong>die.</strong></span> 
     </span>
    </p>

    <p class='ocr_par' dir='ltr' id='par_1_12' title="bbox 295 1954 905 2099">
     <span class='ocr_line' id='line_1_20' title="bbox 295 1954 900 2023; baseline -0.003 -15"><span class='ocrx_word' id='word_1_111' title='bbox 295 1954 349 2008; x_wconf 88' lang='lat' dir='ltr'><strong>Sed</strong></span> <span class='ocrx_word' id='word_1_112' title='bbox 359 1970 410 2007; x_wconf 92' lang='lat' dir='ltr'><strong>uec</strong></span> <span class='ocrx_word' id='word_1_113' title='bbox 421 1956 561 2008; x_wconf 81' lang='lat' dir='ltr'><strong>causidico</strong></span> <span class='ocrx_word' id='word_1_114' title='bbox 572 1957 662 2023; x_wconf 84' lang='lat' dir='ltr'><strong>possis</strong></span> <span class='ocrx_word' id='word_1_115' title='bbox 671 1957 781 2022; x_wconf 87' lang='lat' dir='ltr'><strong>impune</strong></span> <span class='ocrx_word' id='word_1_116' title='bbox 791 1970 900 2023; x_wconf 76' lang='lat' dir='ltr'><strong>negare,</strong></span> 
     </span>
     <span class='ocr_line' id='line_1_21' title="bbox 330 2027 905 2099; baseline 0 -18"><span class='ocrx_word' id='word_1_117' title='bbox 330 2045 381 2081; x_wconf 88' lang='lat' dir='ltr'><strong>noc</strong></span> <span class='ocrx_word' id='word_1_118' title='bbox 390 2030 414 2082; x_wconf 88' lang='lat' dir='ltr'><strong>si</strong></span> <span class='ocrx_word' id='word_1_119' title='bbox 424 2035 451 2081; x_wconf 86' lang='lat' dir='ltr'><strong>te</strong></span> <span class='ocrx_word' id='word_1_120' title='bbox 461 2027 555 2083; x_wconf 86' lang='lat' dir='ltr'><strong>rhetor</strong></span> <span class='ocrx_word' id='word_1_121' title='bbox 562 2032 789 2099; x_wconf 76' lang='lat' dir='ltr'><strong>grammaticusve</strong></span> <span class='ocrx_word' id='word_1_122' title='bbox 798 2036 905 2097; x_wconf 77' lang='lat' dir='ltr'><strong>rogent.</strong></span> 
     </span>
    </p>

    <p class='ocr_par' dir='ltr' id='par_1_13' title="bbox 295 2104 1021 2248">
     <span class='ocr_line' id='line_1_22' title="bbox 295 2104 1021 2171; baseline 0.004 -16"><span class='ocrx_word' id='word_1_123' title='bbox 295 2104 399 2155; x_wconf 85' lang='lat' dir='ltr'><strong>Balnea</strong></span> <span class='ocrx_word' id='word_1_124' title='bbox 409 2110 472 2171; x_wconf 87' lang='lat' dir='ltr'><strong>post</strong></span> <span class='ocrx_word' id='word_1_125' title='bbox 481 2105 614 2157; x_wconf 80' lang='lat' dir='ltr'><strong>decimam</strong></span> <span class='ocrx_word' id='word_1_126' title='bbox 624 2105 709 2169; x_wconf 84' lang='lat' dir='ltr'><strong>lasso,</strong></span> <span class='ocrx_word' id='word_1_127' title='bbox 719 2111 879 2171; x_wconf 84' lang='lat' dir='ltr'><strong>centumque</strong></span> <span class='ocrx_word' id='word_1_128' title='bbox 892 2111 1021 2171; x_wconf 78' lang='lat' dir='ltr'><strong>petuntur</strong></span> 
     </span>
     <span class='ocr_line' id='line_1_23' title="bbox 332 2178 924 2248; baseline 0.003 -19"><span class='ocrx_word' id='word_1_129' title='bbox 332 2178 505 2247; x_wconf 78' lang='lat' dir='ltr'><strong>quadrantes.</strong></span> <span class='ocrx_word' id='word_1_130' title='bbox 523 2179 587 2232; x_wconf 87' lang='lat' dir='ltr'><strong>Fiet</strong></span> <span class='ocrx_word' id='word_1_131' title='bbox 596 2180 714 2248; x_wconf 87' lang='lat' dir='ltr'><strong>quaudo,</strong></span> <span class='ocrx_word' id='word_1_132' title='bbox 725 2179 825 2243; x_wconf 87' lang='lat' dir='ltr'><strong>Potite,</strong></span> <span class='ocrx_word' id='word_1_133' title='bbox 838 2179 924 2231; x_wconf 81' lang='lat' dir='ltr'><strong>liberi</strong></span> 
     </span>
    </p>
   </div>
   <div class='ocr_carea' id='block_1_7' title="bbox 566 2283 808 2327">
    <p class='ocr_par' dir='ltr' id='par_1_14' title="bbox 566 2283 808 2327">
     <span class='ocr_line' id='line_1_24' title="bbox 566 2283 808 2327; baseline -0.004 0"><span class='ocrx_word' id='word_1_134' title='bbox 566 2285 601 2327; x_wconf 81' lang='lat' dir='ltr'><strong>tt.</strong></span> <span class='ocrx_word' id='word_1_135' title='bbox 625 2284 664 2327; x_wconf 84' lang='lat' dir='ltr'><strong>Do</strong></span> <span class='ocrx_word' id='word_1_136' title='bbox 682 2283 808 2327; x_wconf 69' lang='lat' dir='ltr'><strong>lissinis.</strong></span> 
     </span>
    </p>
   </div>
   <div class='ocr_carea' id='block_1_8' title="bbox 295 2375 1027 2965">
    <p class='ocr_par' dir='ltr' id='par_1_15' title="bbox 297 2375 964 2514">
     <span class='ocr_line' id='line_1_25' title="bbox 297 2375 942 2445; baseline -0.002 -17"><span class='ocrx_word' id='word_1_137' title='bbox 297 2375 427 2443; x_wconf 73' lang='lat' dir='ltr'><strong>Quisquis</strong></span> <span class='ocrx_word' id='word_1_138' title='bbox 436 2376 512 2427; x_wconf 87' lang='lat' dir='ltr'><strong>laeta</strong></span> <span class='ocrx_word' id='word_1_139' title='bbox 519 2376 575 2427; x_wconf 89' lang='lat' dir='ltr'><strong>tuis</strong></span> <span class='ocrx_word' id='word_1_140' title='bbox 586 2382 614 2428; x_wconf 88' lang='lat' dir='ltr'><strong>et</strong></span> <span class='ocrx_word' id='word_1_141' title='bbox 623 2392 685 2427; x_wconf 88' lang='lat' dir='ltr'><strong>scra</strong></span> <span class='ocrx_word' id='word_1_142' title='bbox 694 2377 853 2445; x_wconf 84' lang='lat' dir='ltr'><strong>parentibus</strong></span> <span class='ocrx_word' id='word_1_143' title='bbox 862 2382 942 2443; x_wconf 79' lang='lat' dir='ltr'><strong>optas</strong></span> 
     </span>
     <span class='ocr_line' id='line_1_26' title="bbox 331 2449 964 2514; baseline -0.003 -11"><span class='ocrx_word' id='word_1_144' title='bbox 331 2450 399 2514; x_wconf 83' lang='lat' dir='ltr'><strong>fata,</strong></span> <span class='ocrx_word' id='word_1_145' title='bbox 409 2452 517 2503; x_wconf 87' lang='lat' dir='ltr'><strong>brevem</strong></span> <span class='ocrx_word' id='word_1_146' title='bbox 530 2450 637 2501; x_wconf 89' lang='lat' dir='ltr'><strong>titulum</strong></span> <span class='ocrx_word' id='word_1_147' title='bbox 648 2453 793 2503; x_wconf 88' lang='lat' dir='ltr'><strong>marmoris</strong></span> <span class='ocrx_word' id='word_1_148' title='bbox 802 2449 882 2502; x_wconf 87' lang='lat' dir='ltr'><strong>huius</strong></span> <span class='ocrx_word' id='word_1_149' title='bbox 894 2466 964 2501; x_wconf 84' lang='lat' dir='ltr'><strong>ama.</strong></span> 
     </span>
    </p>

    <p class='ocr_par' dir='ltr' id='par_1_16' title="bbox 296 2523 957 2652">
     <span class='ocr_line' id='line_1_27' title="bbox 296 2523 957 2578; baseline 0 -3"><span class='ocrx_word' id='word_1_150' title='bbox 296 2525 428 2578; x_wconf 87' lang='lat' dir='ltr'><strong>Condidit</strong></span> <span class='ocrx_word' id='word_1_151' title='bbox 436 2523 489 2576; x_wconf 88' lang='lat' dir='ltr'><strong>hac</strong></span> <span class='ocrx_word' id='word_1_152' title='bbox 499 2540 577 2576; x_wconf 88' lang='lat' dir='ltr'><strong>caras</strong></span> <span class='ocrx_word' id='word_1_153' title='bbox 587 2523 684 2575; x_wconf 90' lang='lat' dir='ltr'><strong>tellure</strong></span> <span class='ocrx_word' id='word_1_154' title='bbox 696 2524 825 2576; x_wconf 86' lang='lat' dir='ltr'><strong>Rabirius</strong></span> <span class='ocrx_word' id='word_1_155' title='bbox 834 2526 957 2576; x_wconf 76' lang='lat' dir='ltr'><strong>umbras:</strong></span> 
     </span>
     <span class='ocr_line' id='line_1_28' title="bbox 332 2599 850 2652; baseline -0.002 -2"><span class='ocrx_word' id='word_1_156' title='bbox 332 2600 401 2651; x_wconf 90' lang='lat' dir='ltr'><strong>nulii</strong></span> <span class='ocrx_word' id='word_1_157' title='bbox 410 2599 482 2652; x_wconf 81' lang='lat' dir='ltr'><strong>forte</strong></span> <span class='ocrx_word' id='word_1_158' title='bbox 490 2600 582 2651; x_wconf 88' lang='lat' dir='ltr'><strong>iacent</strong></span> <span class='ocrx_word' id='word_1_159' title='bbox 592 2599 752 2651; x_wconf 86' lang='lat' dir='ltr'><strong>candidiore</strong></span> <span class='ocrx_word' id='word_1_160' title='bbox 762 2613 850 2650; x_wconf 88' lang='lat' dir='ltr'><strong>senes.</strong></span> 
     </span>
    </p>

    <p class='ocr_par' dir='ltr' id='par_1_17' title="bbox 295 2672 959 2815">
     <span class='ocr_line' id='line_1_29' title="bbox 295 2672 959 2725; baseline 0.002 -2"><span class='ocrx_word' id='word_1_161' title='bbox 295 2672 344 2725; x_wconf 86' lang='lat' dir='ltr'><strong>Bis</strong></span> <span class='ocrx_word' id='word_1_162' title='bbox 355 2689 402 2725; x_wconf 84' lang='lat' dir='ltr'><strong>sex</strong></span> <span class='ocrx_word' id='word_1_163' title='bbox 412 2674 499 2725; x_wconf 89' lang='lat' dir='ltr'><strong>lustra</strong></span> <span class='ocrx_word' id='word_1_164' title='bbox 507 2674 564 2725; x_wconf 89' lang='lat' dir='ltr'><strong>tori</strong></span> <span class='ocrx_word' id='word_1_165' title='bbox 573 2688 629 2725; x_wconf 87' lang='lat' dir='ltr'><strong>uox</strong></span> <span class='ocrx_word' id='word_1_166' title='bbox 638 2674 713 2725; x_wconf 91' lang='lat' dir='ltr'><strong>mitis</strong></span> <span class='ocrx_word' id='word_1_167' title='bbox 722 2679 750 2725; x_wconf 87' lang='lat' dir='ltr'><strong>et</strong></span> <span class='ocrx_word' id='word_1_168' title='bbox 757 2673 856 2724; x_wconf 85' lang='lat' dir='ltr'><strong>ultima</strong></span> <span class='ocrx_word' id='word_1_169' title='bbox 866 2672 959 2725; x_wconf 74' lang='lat' dir='ltr'><strong>clusit:</strong></span> 
     </span>
     <span class='ocr_line' id='line_1_30' title="bbox 333 2747 791 2815; baseline -0.002 -17"><span class='ocrx_word' id='word_1_170' title='bbox 333 2753 457 2800; x_wconf 88' lang='lat' dir='ltr'><strong>arserunt</strong></span> <span class='ocrx_word' id='word_1_171' title='bbox 466 2764 521 2801; x_wconf 91' lang='lat' dir='ltr'><strong>uuo</strong></span> <span class='ocrx_word' id='word_1_172' title='bbox 531 2748 629 2800; x_wconf 74' lang='lat' dir='ltr'><strong>itinera</strong></span> <span class='ocrx_word' id='word_1_173' title='bbox 638 2747 704 2799; x_wconf 80' lang='lat' dir='ltr'><strong>bina</strong></span> <span class='ocrx_word' id='word_1_174' title='bbox 712 2763 791 2815; x_wconf 82' lang='lat' dir='ltr'><strong>rogo.</strong></span> 
     </span>
    </p>

    <p class='ocr_par' dir='ltr' id='par_1_18' title="bbox 297 2820 1027 2965">
     <span class='ocr_line' id='line_1_31' title="bbox 297 2820 1027 2890; baseline 0.001 -19"><span class='ocrx_word' id='word_1_175' title='bbox 297 2820 356 2874; x_wconf 80' lang='lat' dir='ltr'><strong>lios</strong></span> <span class='ocrx_word' id='word_1_176' title='bbox 365 2827 456 2873; x_wconf 83' lang='lat' dir='ltr'><strong>tameu</strong></span> <span class='ocrx_word' id='word_1_177' title='bbox 465 2828 496 2874; x_wconf 93' lang='lat' dir='ltr'><strong>ut</strong></span> <span class='ocrx_word' id='word_1_178' title='bbox 505 2824 705 2889; x_wconf 83' lang='lat' dir='ltr'><strong>primieraptus</strong></span> <span class='ocrx_word' id='word_1_179' title='bbox 715 2822 770 2874; x_wconf 89' lang='lat' dir='ltr'><strong>sibi</strong></span> <span class='ocrx_word' id='word_1_180' title='bbox 780 2821 925 2890; x_wconf 77' lang='lat' dir='ltr'><strong>quaeritiis</strong></span> <span class='ocrx_word' id='word_1_181' title='bbox 936 2823 1027 2876; x_wconf 82' lang='lat' dir='ltr'><strong>anuis:</strong></span> 
     </span>
     <span class='ocr_line' id='line_1_32' title="bbox 331 2895 915 2965; baseline 0.002 -18"><span class='ocrx_word' id='word_1_182' title='bbox 331 2897 484 2963; x_wconf 77' lang='lat' dir='ltr'><strong>improbius</strong></span> <span class='ocrx_word' id='word_1_183' title='bbox 493 2895 561 2948; x_wconf 83' lang='lat' dir='ltr'><strong>uihii</strong></span> <span class='ocrx_word' id='word_1_184' title='bbox 571 2895 616 2948; x_wconf 87' lang='lat' dir='ltr'><strong>his</strong></span> <span class='ocrx_word' id='word_1_185' title='bbox 624 2896 733 2950; x_wconf 80' lang='lat' dir='ltr'><strong>fletibtu</strong></span> <span class='ocrx_word' id='word_1_186' title='bbox 742 2912 801 2950; x_wconf 82' lang='lat' dir='ltr'><strong>esse</strong></span> <span class='ocrx_word' id='word_1_187' title='bbox 811 2901 915 2965; x_wconf 68' lang='lat' dir='ltr'><strong>potest.</strong></span> 
     </span>
    </p>
   </div>
   <div class='ocr_carea' id='block_1_9' title="bbox 0 0 1383 3450">
    <p class='ocr_par' dir='ltr' id='par_1_19' title="bbox 0 0 1383 3450">
     <span class='ocr_line' id='line_1_33' title="bbox 0 0 1383 3450; baseline 0 0"><span class='ocrx_word' id='word_1_188' title='bbox 0 0 1383 3450; x_wconf 95' lang='lat' dir='ltr'><strong> </strong></span> 
     </span>
    </p>
   </div>
  </div>
 </body>
</html>
