2750 3450
430 354 756 403 EPlGRAMMATUM
772 356 842 403 ΜΒ.
859 356 920 402 xli.
1023 354 1072 404 317

272 481 313 532 nd
324 496 438 533 coenam
445 460 631 548 Hermogenes
640 494 767 545 mappam
776 495 831 531 non
840 481 932 532 attolit
939 496 1072 548 unquam:

311 572 329 606 a
340 571 428 608 coena
437 571 543 622 semper
552 555 658 606 rettulit
666 555 862 622 Hermogenes.

559 663 593 702 30-
619 660 658 701 dd
676 660 786 715 Aprum.

350 752 455 817 Siccus,
466 754 574 806 sobrius
585 760 627 805 est
636 755 720 820 Aper:
738 753 803 821 quid
814 751 849 804 ad
858 751 918 805 mel

350 827 463 880 Servum
473 831 514 880 sic
525 845 576 896 ego
586 827 680 892 laudo,
691 845 747 879 non
757 830 883 880 amicum.

413 937 448 976 ³1.
473 935 512 977 De
532 933 625 976 hortis
644 931 801 975 Marcellae
820 933 928 976 uxoris.

272 1028 338 1080 Hoc
347 1042 451 1090 nemus,
461 1025 600 1090 bisontes,
610 1025 679 1078 haec
687 1027 792 1078 textilis
802 1026 899 1078 umbra
908 1028 1000 1093 supini

312 1102 444 1169 palmitis,
455 1100 509 1153 hoc
517 1103 612 1169 riguae
624 1102 726 1154 ductile
737 1101 836 1153 flumen
846 1117 948 1169 aquae:

273 1183 418 1246 prataque,
428 1192 479 1228 nec
488 1175 576 1227 bifero
589 1193 699 1228 cessura
708 1178 817 1228 rosaria
826 1177 939 1228 Paesto:

313 1251 440 1320 quodque
449 1252 520 1303 viret
530 1252 590 1302 lani
600 1268 701 1315 mense,
711 1267 762 1303 nec
772 1252 846 1320 alget
856 1252 929 1304 olus:

273 1342 400 1394 quaeque
409 1333 487 1378 natat
497 1326 580 1378 clusis
591 1328 713 1395 anguilla
722 1327 874 1378 domestica
883 1324 1013 1393 lymphis,

313 1417 436 1469 quaeque
447 1402 518 1469 gerit
527 1401 630 1453 similes
642 1403 761 1453 candida
772 1403 854 1454 turris
866 1417 943 1453 avesz

273 1492 388 1528 munera
397 1484 461 1527 sunt
472 1477 598 1528 dominae
609 1483 672 1543 post
681 1479 799 1543 septima
810 1476 898 1529 lustra
907 1492 1031 1540 revers03

312 1550 363 1603 has
373 1550 507 1602 Marcella
517 1552 614 1603 domos
625 1567 763 1619 parvaque
773 1567 858 1618 regna
868 1551 952 1603 dedit.

269 1626 305 1679 .Si
316 1625 385 1678 mihi
394 1625 531 1677 Nausicad
541 1629 647 1692 patrios
658 1627 821 1677 concederet
829 1625 935 1689 hortos,

311 1701 429 1754 Alcinoo
441 1717 550 1769 possem
560 1702 660 1765 dicere,
670 1700 748 1753 Malo
759 1717 844 1753 meos.

538 1811 572 1849 32.
595 1806 628 1849 In
645 1806 805 1849 vacerram.

368 1899 530 1951 Oluliarum
543 1901 659 1952 dedecus
672 1899 867 1963 Kalendarum,

366 1976 433 2038 vidi,
445 1974 574 2038 Vacerra,
585 1977 707 2027 sarcinas
716 1982 792 2039 tuas3
805 1976 876 2026 vidi:

367 2065 435 2118 quas
445 2067 500 2102 non
511 2056 630 2102 retentas
640 2051 772 2117 pensione
781 2065 831 2117 pro
844 2049 920 2101 bima

366 2126 497 2192 portabat
506 2142 576 2177 uxor
585 2124 647 2177 rufa
657 2126 777 2177 crinibus
788 2131 900 2192 septem,

367 2207 465 2251 etcum
476 2217 571 2252 sorore
583 2217 652 2252 cana
661 2206 749 2261 mater
758 2201 871 2267 ingenti.

366 2274 467 2327 Furias
477 2276 571 2341 putavi
582 2283 662 2327 nocte
672 2276 747 2327 Ditis
757 2291 885 2326 emersas.

367 2350 428 2400 llas
438 2356 467 2401 tu
477 2352 584 2416 priores
594 2350 698 2418 frigore
708 2356 735 2401 et
744 2350 817 2401 fame
827 2351 927 2413 siccus,

368 2431 459 2477 etnon
467 2426 571 2477 recenti
580 2425 700 2491 pallidus
710 2426 798 2491 magis
807 2425 881 2475 buxo

367 2500 427 2551 lrus
438 2506 547 2552 tuorum
558 2506 711 2566 temporum
724 2500 891 2565 sequebaris.

366 2574 489 2642 Migrare
500 2576 599 2626 clivum
610 2576 734 2625 crederes
744 2575 891 2625 Aricinum.

367 2650 430 2701 Ibat
438 2652 523 2716 tripes
534 2650 673 2717 grabatus,
686 2656 714 2700 et
723 2648 800 2714 bipes
811 2662 913 2709 mensa,

368 2730 396 2776 et
406 2740 466 2776 cnm
476 2726 587 2777 lucerna
597 2738 751 2790 corneoque
763 2731 867 2775 cratere

367 2800 481 2851 matella
491 2807 568 2852 curto
579 2805 660 2866 rupta
668 2796 755 2849 latere
764 2799 891 2850 meiebat.

369 2874 472 2928 Focum
482 2874 593 2929 ferentis
604 2876 715 2928 suberat
727 2873 874 2943 amphorae
885 2870 990 2928 ceruix:
