2750 3450
686 592 717 640 4
1260 594 1692 643 'sannaus

690 716 843 777 Quos
864 716 1021 768 decet
1038 731 1159 769 esse
1176 714 1458 769 bominum
1475 716 1580 769 tali
1597 718 1700 769 sub
1727 718 1976 787 principe
1995 736 2210 785 mores,

762 792 855 858 qui
874 790 1027 842 iubet
1042 791 1319 859 ingenium
1338 792 1529 843 mitius
1547 806 1668 845 esse
1687 790 1852 845 feris!

1292 917 1357 956 ss.
1405 913 1448 955 D
1461 927 1488 956 e
1523 927 1666 956 urso.

688 1005 955 1071 Praeceps
974 1006 1275 1073 sanguinea
1294 1005 1422 1057 dum
1441 1023 1502 1059 se
1519 1013 1672 1058 rotat
1687 1023 1846 1058 tusus
1868 1022 2054 1070 arena,

761 1079 1084 1146 implicitam
1106 1080 1258 1132 visco
1278 1081 1522 1148 perdidit
1535 1082 1634 1133 ille
1653 1081 1856 1149 fugam.

688 1154 987 1220 Splendida
1004 1154 1115 1205 iam
1134 1161 1283 1207 tecto
1312 1163 1526 1209 cessent
1543 1157 1816 1208 venabula
1837 1155 2014 1218 ferr03

759 1245 859 1279 nec
878 1229 1027 1280 volet
1046 1245 1275 1281 excussa
1294 1230 1488 1281 lancea
1505 1236 1658 1282 torta
1673 1247 1854 1281 manu.

690 1303 1002 1369 Deprendat
1020 1318 1195 1355 vacuo
1215 1310 1446 1355 venator
1461 1305 1522 1354 in
1541 1301 1668 1356 aere
1689 1304 1968 1371 praedam,

759 1379 806 1428 si
828 1385 1049 1444 captare
1068 1376 1215 1429 feras
1234 1380 1462 1445 aucupis
1483 1386 1602 1430 arte
1621 1379 1818 1445 placet.

908 1501 971 1539 12.
1012 1498 1089 1540 De
1120 1512 1215 1540 sne
1254 1512 1392 1551 quae
1421 1513 1492 1543 ex
1529 1498 1765 1542 vnlnere
1801 1502 2044 1555 peperit.

682 1593 828 1643 inter
848 1593 1149 1643 Caesareae
1170 1591 1488 1644 discrimina
1505 1609 1671 1645 saeva
1689 1593 1903 1644 Dianae

758 1668 967 1718 fixisset
984 1666 1269 1735 gravidam
1290 1682 1414 1718 cum
1431 1667 1570 1719 levis
1589 1667 1750 1719 hasta
1769 1683 1938 1732 suem,

681 1744 891 1794 exsiliit
910 1751 1097 1809 partus
1117 1743 1347 1794 miserae
1368 1744 1436 1795 de
1457 1744 1676 1795 vulnere
1695 1743 1904 1795 matris.

757 1817 805 1868 0
826 1817 1039 1868 Lucina
1056 1816 1231 1878 ferox,
1252 1815 1360 1869 hoc
1377 1819 1653 1885 peperisse
1671 1818 1812 1870 fuit!

681 1892 935 1943 Pluribus
956 1891 1057 1943 illa
1075 1892 1218 1943 mori
1238 1893 1504 1945 voluisset
1523 1895 1714 1945 saucia
1731 1894 1874 1956 telis.

758 1968 1007 2019 omnibus
1031 1973 1089 2018 ut
1105 1968 1253 2018 natis
1270 1969 1428 2019 triste
1450 1977 1662 2035 pateret
1677 1970 1801 2020 iter.

682 2042 820 2104 Quis
838 2049 1005 2110 negat
1022 2058 1141 2093 esse
1160 2047 1339 2093 satum
1357 2050 1605 2096 materno
1626 2043 1814 2095 funere
1831 2040 2142 2095 Bacchum!

756 2116 851 2169 Sic
868 2118 1111 2185 genitum
1130 2133 1326 2168 numen
1347 2120 1581 2182 credite3
1619 2127 1753 2170 nata
1770 2118 1890 2170 fera
1908 2123 2007 2169 est.

1256 2225 1321 2263 13.
1366 2223 1446 2264 De
1483 2224 1689 2264 eaden.

679 2316 795 2366 leta
814 2316 968 2382 gravi
987 2315 1099 2365 telo
1123 2312 1486 2380 confessaque
1505 2315 1743 2378 vulnere,
1764 2322 1938 2366 mater

752 2406 844 2441 sus
865 2391 1070 2455 pariter
1087 2389 1255 2439 vitam
1277 2389 1519 2455 perdidit
1538 2396 1700 2455 atque
1720 2390 1886 2441 dedit.

680 2462 726 2513 Ο
750 2479 912 2530 quam
934 2469 1082 2515 certa
1099 2461 1205 2514 fuit
1223 2463 1427 2514 librato
1451 2464 1674 2515 dextera
1692 2461 1864 2515 ferro!

752 2538 914 2589 Hanc
933 2553 1035 2605 ego
1058 2536 1301 2588 Lucinae
1323 2539 1486 2589 credo
1507 2538 1679 2590 fuisse
1698 2555 1936 2589 manum.

679 2612 919 2679 Experta
940 2618 1022 2663 est
1040 2627 1235 2663 numen
1254 2613 1494 2664 moriens
1513 2613 1793 2680 utriusque
1811 2613 2044 2677 Dianae,

753 2702 966 2755 quaque
986 2686 1169 2738 soluta
1187 2702 1402 2753 parens,
1425 2703 1641 2756 quaque
1660 2695 1899 2756 peremta
1917 2688 2038 2739 fera
2057 2699 2159 2741 est.

1255 2795 1322 2836 14.
1360 2792 1440 2836 De
1479 2794 1684 2837 eadem.

680 2884 783 2936 Sus
804 2883 887 2935 fer
940 2885 1051 2936 iam
1071 2886 1309 2953 gravior,
1330 2888 1532 2939 maturi
1551 2889 1788 2954 pignora
1804 2889 2027 2952 ventris,

754 2960 910 3010 emisi
954 2959 1141 3025 fetum,
1172 2961 1392 3014 vulnere
1411 2962 1562 3014 facta
1581 2977 1794 3029 parens.

679 3033 794 3085 Nec
811 3035 984 3085 iacuit
1002 3042 1208 3101 partus,
1230 3037 1327 3088 sed
1347 3043 1519 3092 matre
1541 3037 1767 3089 cadente
1789 3039 2041 3089 cucurrit.

755 3107 800 3157 Ο
823 3116 1079 3175 quantum
1102 3117 1185 3163 est
1203 3111 1401 3164 subitis
1421 3113 1640 3165 casibus
1659 3111 1960 3181 ingenium!
