2750 3450
442 341 759 393 urtennumarum
785 345 853 392 ΜΒ.
877 345 908 390 ll.
1034 339 1073 390 t?

278 463 355 526 Quid
363 469 442 516 torus
453 480 470 515 a
479 464 554 529 Nilo,
565 467 630 533 quid
640 465 742 520 Sidone
751 469 852 520 tinans
867 465 968 519 olenti?

316 538 445 590 Ostendit
454 541 552 590 stultas
563 541 627 607 quid
640 542 696 593 nisi
706 543 815 594 morbus
827 540 910 609 opesi

277 611 355 674 Quid
363 613 416 664 tihi
426 629 486 665 curn
496 614 627 665 medicisl
640 615 755 667 Dimitte
768 615 939 667 Machaonas
950 630 1051 667 omnes.

314 686 366 739 vis
376 689 437 740 lieri
446 688 546 739 sanust
565 688 695 757 Stragula
703 707 778 743 sume
789 707 857 741 mea.

530 796 565 836 1¹1.
587 793 629 836 An
643 794 821 838 Ariminnum.
890 788 894 811 ¹

353 883 486 936 Tonstrix
495 883 619 937 Suburae
628 886 754 939 faucibus
764 887 841 938 sedet
849 888 952 953 primis,

352 965 464 1009 eruenta
473 960 591 1026 pendent
601 976 655 1028 qua
665 961 776 1028 flagella
784 966 928 1023 tortorum,

351 1032 470 1100 Argique
479 1034 562 1084 letum
573 1035 672 1086 multus
684 1035 793 1087 obsidet
802 1041 886 1086 sutor.

352 1105 407 1158 Sed
416 1109 472 1159 ista
480 1110 607 1172 tonatur,
617 1109 767 1173 Ammiano,
778 1125 833 1161 non
843 1110 946 1161 tondet.

350 1180 414 1233 Non
423 1183 527 1246 tondet,
537 1182 646 1250 inquisl
655 1199 721 1252 ergo
733 1185 798 1251 quid
808 1182 890 1235 faciti
905 1183 996 1235 Radit.

544 1292 578 1331 18.
601 1288 633 1331 In
647 1288 807 1332 Maximum.

277 1379 368 1446 Capto
378 1386 462 1444 tuam,
473 1380 556 1447 pudet
566 1380 626 1445 heu,
637 1382 685 1433 sed
698 1388 789 1449 capto,
803 1380 932 1444 Maxime,
943 1395 1070 1432 coenam:

314 1459 346 1505 tu
356 1459 451 1520 captas
462 1455 557 1505 eliam:
575 1457 630 1507 iam
641 1473 732 1507 sumus
743 1471 807 1523 ergo
820 1471 907 1522 pares.

277 1528 362 1579 Mane
372 1529 519 1580 salutatum
529 1531 622 1580 venio:
642 1537 673 1582 tu
686 1531 786 1582 diceris
795 1531 850 1581 isse

317 1608 381 1653 ante
392 1603 551 1654 salutatum:
570 1605 627 1655 iem
641 1620 734 1656 sumus
744 1619 809 1671 ergo
820 1620 907 1670 pares.

279 1676 347 1729 Sum
358 1692 448 1730 eomes
457 1679 517 1746 ipse
527 1686 589 1730 tuus
599 1680 750 1747 tumidique
765 1678 937 1730 anteambulo
948 1679 1033 1745 regis:

317 1762 349 1803 tu
359 1768 450 1804 comes
461 1753 586 1805 ulterius:
606 1755 661 1806 iam
676 1770 768 1805 sumus
778 1769 843 1820 ergo
852 1769 940 1819 peres.

282 1826 349 1877 Esse
359 1833 404 1878 sat
414 1832 455 1879 est
464 1842 583 1879 sermon:
603 1830 659 1879 iam
669 1829 735 1879 nolo
746 1829 864 1879 vicarius
875 1843 941 1878 esse.

318 1899 373 1962 Qui
383 1916 432 1953 rex
441 1907 491 1965 est,
500 1917 601 1969 regem,
610 1902 741 1966 Maxime,
751 1918 807 1954 non
816 1901 923 1953 lrabeat.

561 2010 594 2050 19.
618 2006 658 2049 Ad
677 2005 794 2049 Zoilum.

278 2097 398 2148 Felicem
408 2098 467 2149 lieri
477 2100 565 2151 credis
576 2116 627 2164 me,
637 2100 724 2163 Zoilo,
740 2100 841 2151 coenni

316 2171 434 2223 Felicem
446 2188 540 2238 coena,
553 2174 646 2226 Zoilei
665 2174 771 2225 Deinde
781 2174 843 2225 tuat

280 2246 369 2297 Debet
378 2248 488 2299 Aricino
500 2250 615 2301 conviva
624 2251 779 2302 recumbere
789 2250 870 2311 clivo,

318 2336 397 2388 quem
407 2328 456 2373 tua
465 2322 581 2387 felicem,
591 2324 678 2389 Zoile,
689 2340 774 2377 coena
783 2324 859 2375 facit.

564 2433 598 2471 2⁰.
623 2430 662 2473 De
678 2427 789 2471 Paullo.

279 2509 410 2561 Carmine
419 2510 531 2563 Paullus
543 2515 621 2564 emite
634 2516 733 2565 recitat
742 2530 792 2565 sua
802 2516 924 2565 earmina
933 2513 1055 2564 Paullus.
1067 2538 1070 2543 ·

317 2584 388 2636 Nam
400 2586 474 2653 quod
484 2601 569 2651 emas,
578 2589 668 2655 possis
680 2589 770 2640 dicere
779 2590 838 2639 iure
849 2596 934 2640 tuum.

532 2693 567 2734 21.
590 2690 622 2733 ln
636 2690 822 2736 Posidonium.

279 2780 366 2830 Basia
376 2778 427 2830 das
437 2778 516 2841 aliis3
532 2779 595 2831 aliis
606 2780 666 2844 das,
680 2778 837 2843 Posthume,
847 2780 984 2831 dextram:

315 2853 397 2918 dicis,
406 2859 498 2906 utrum
507 2856 604 2920 maris,
614 2855 693 2924 elige.
713 2854 790 2907 Malo
800 2870 918 2907 manum.
1003 2855 1130 3037 t
