<?xml version="1.0" encoding="UTF-8"?>
<!DOCTYPE html PUBLIC "-//W3C//DTD XHTML 1.0 Transitional//EN"
    "http://www.w3.org/TR/xhtml1/DTD/xhtml1-transitional.dtd">
<html xmlns="http://www.w3.org/1999/xhtml" xml:lang="en" lang="en">
 <head>
  <title>
</title>
<meta http-equiv="Content-Type" content="text/html;charset=utf-8" />
  <meta name='ocr-system' content='tesseract 3.04.00' />
  <meta name='ocr-capabilities' content='ocr_page ocr_carea ocr_par ocr_line ocrx_word'/>
</head>
<body>
  <div class='ocr_page' id='page_1' title='image "./mvaleriimartial03martgoog_0188.png"; bbox 0 0 2750 3450; ppageno 0'>
   <div class='ocr_carea' id='block_1_1' title="bbox 445 352 1090 405">
    <p class='ocr_par' dir='ltr' id='par_1_1' title="bbox 445 352 1090 405">
     <span class='ocr_line' id='line_1_1' title="bbox 445 352 1090 405; baseline -0.002 -2"><span class='ocrx_word' id='word_1_1' title='bbox 445 356 760 405; x_wconf 63' lang='lat' dir='ltr'>ltl‘leltilMMATUbt</span> <span class='ocrx_word' id='word_1_2' title='bbox 786 357 854 403; x_wconf 74' lang='lat' dir='ltr'>blo.</span> <span class='ocrx_word' id='word_1_3' title='bbox 877 358 930 405; x_wconf 90' lang='lat' dir='ltr'>Vll.</span> <span class='ocrx_word' id='word_1_4' title='bbox 1042 352 1090 403; x_wconf 78' lang='lat'>179</span> 
     </span>
    </p>
   </div>
   <div class='ocr_carea' id='block_1_2' title="bbox 294 480 1034 1070">
    <p class='ocr_par' dir='ltr' id='par_1_2' title="bbox 294 480 1034 1070">
     <span class='ocr_line' id='line_1_2' title="bbox 294 480 930 545; baseline -0.003 -12"><span class='ocrx_word' id='word_1_5' title='bbox 294 482 406 534; x_wconf 78' lang='lat' dir='ltr'>Iussisti</span> <span class='ocrx_word' id='word_1_6' title='bbox 414 486 516 544; x_wconf 89' lang='lat' dir='ltr'>tenues,</span> <span class='ocrx_word' id='word_1_7' title='bbox 529 480 699 545; x_wconf 74' lang='lat' dir='ltr'>Germanice,</span> <span class='ocrx_word' id='word_1_8' title='bbox 710 495 831 534; x_wconf 89' lang='lat' dir='ltr'>crescere</span> <span class='ocrx_word' id='word_1_9' title='bbox 841 480 930 542; x_wconf 74' lang='lat' dir='ltr'>iicos3</span> 
     </span>
     <span class='ocr_line' id='line_1_3' title="bbox 334 555 947 622; baseline -0.003 -15"><span class='ocrx_word' id='word_1_10' title='bbox 334 562 361 607; x_wconf 90' lang='lat' dir='ltr'>et</span> <span class='ocrx_word' id='word_1_11' title='bbox 370 556 452 607; x_wconf 89' lang='lat' dir='ltr'>modo</span> <span class='ocrx_word' id='word_1_12' title='bbox 464 571 534 622; x_wconf 90' lang='lat' dir='ltr'>quae</span> <span class='ocrx_word' id='word_1_13' title='bbox 543 555 633 607; x_wconf 86' lang='lat' dir='ltr'>fuerat</span> <span class='ocrx_word' id='word_1_14' title='bbox 642 557 748 618; x_wconf 82' lang='lat' dir='ltr'>semita,</span> <span class='ocrx_word' id='word_1_15' title='bbox 758 555 833 605; x_wconf 82' lang='lat' dir='ltr'>facta</span> <span class='ocrx_word' id='word_1_16' title='bbox 842 556 888 605; x_wconf 85' lang='lat' dir='ltr'>via</span> <span class='ocrx_word' id='word_1_17' title='bbox 898 560 947 607; x_wconf 88' lang='lat' dir='ltr'>est.</span> 
     </span>
     <span class='ocr_line' id='line_1_4' title="bbox 294 629 939 697; baseline -0.006 -15"><span class='ocrx_word' id='word_1_18' title='bbox 294 629 380 682; x_wconf 90' lang='lat' dir='ltr'>Nulla</span> <span class='ocrx_word' id='word_1_19' title='bbox 390 631 523 681; x_wconf 77' lang='lat' dir='ltr'><strong>catenatis</strong></span> <span class='ocrx_word' id='word_1_20' title='bbox 533 631 590 697; x_wconf 87' lang='lat' dir='ltr'>pila</span> <span class='ocrx_word' id='word_1_21' title='bbox 600 636 642 682; x_wconf 89' lang='lat' dir='ltr'>est</span> <span class='ocrx_word' id='word_1_22' title='bbox 650 632 809 697; x_wconf 89' lang='lat' dir='ltr'>praecincta</span> <span class='ocrx_word' id='word_1_23' title='bbox 819 629 939 696; x_wconf 81' lang='lat' dir='ltr'>lagenis:</span> 
     </span>
     <span class='ocr_line' id='line_1_5' title="bbox 333 705 850 772; baseline -0.004 -17"><span class='ocrx_word' id='word_1_24' title='bbox 333 721 383 756; x_wconf 88' lang='lat' dir='ltr'>nec</span> <span class='ocrx_word' id='word_1_25' title='bbox 393 710 504 771; x_wconf 88' lang='lat' dir='ltr'>praetor</span> <span class='ocrx_word' id='word_1_26' title='bbox 513 705 604 756; x_wconf 85' lang='lat' dir='ltr'>medio</span> <span class='ocrx_word' id='word_1_27' title='bbox 615 707 724 772; x_wconf 82' lang='lat' dir='ltr'>cogitur</span> <span class='ocrx_word' id='word_1_28' title='bbox 732 707 773 756; x_wconf 91' lang='lat' dir='ltr'>ire</span> <span class='ocrx_word' id='word_1_29' title='bbox 784 705 850 755; x_wconf 89' lang='lat' dir='ltr'>luto.</span> 
     </span>
     <span class='ocr_line' id='line_1_6' title="bbox 295 778 980 847; baseline -0.004 -15"><span class='ocrx_word' id='word_1_30' title='bbox 295 779 445 847; x_wconf 80' lang='lat' dir='ltr'><strong>Stringitur</strong></span> <span class='ocrx_word' id='word_1_31' title='bbox 453 780 482 829; x_wconf 91' lang='lat' dir='ltr'>in</span> <span class='ocrx_word' id='word_1_32' title='bbox 493 780 578 831; x_wconf 85' lang='lat' dir='ltr'>densa</span> <span class='ocrx_word' id='word_1_33' title='bbox 586 794 637 831; x_wconf 84' lang='lat' dir='ltr'>nec</span> <span class='ocrx_word' id='word_1_34' title='bbox 651 795 734 830; x_wconf 85' lang='lat' dir='ltr'>caeca</span> <span class='ocrx_word' id='word_1_35' title='bbox 743 779 879 839; x_wconf 80' lang='lat' dir='ltr'>novacula</span> <span class='ocrx_word' id='word_1_36' title='bbox 887 778 980 829; x_wconf 87' lang='lat' dir='ltr'>turba:</span> 
     </span>
     <span class='ocr_line' id='line_1_7' title="bbox 334 855 870 921; baseline -0.007 -16"><span class='ocrx_word' id='word_1_37' title='bbox 334 859 451 921; x_wconf 89' lang='lat' dir='ltr'>occupat</span> <span class='ocrx_word' id='word_1_38' title='bbox 461 859 508 904; x_wconf 90' lang='lat' dir='ltr'>aut</span> <span class='ocrx_word' id='word_1_39' title='bbox 516 860 591 905; x_wconf 86' lang='lat' dir='ltr'>totas</span> <span class='ocrx_word' id='word_1_40' title='bbox 600 856 680 921; x_wconf 84' lang='lat' dir='ltr'>nigra</span> <span class='ocrx_word' id='word_1_41' title='bbox 690 855 793 920; x_wconf 88' lang='lat' dir='ltr'>popina</span> <span class='ocrx_word' id='word_1_42' title='bbox 803 855 870 905; x_wconf 83' lang='lat' dir='ltr'>vias.</span> 
     </span>
     <span class='ocr_line' id='line_1_8' title="bbox 296 928 1034 996; baseline -0.003 -16"><span class='ocrx_word' id='word_1_43' title='bbox 296 930 415 992; x_wconf 81' lang='lat' dir='ltr'><strong>Tonsor,</strong></span> <span class='ocrx_word' id='word_1_44' title='bbox 426 944 524 994; x_wconf 82' lang='lat' dir='ltr'>caupo,</span> <span class='ocrx_word' id='word_1_45' title='bbox 536 944 648 996; x_wconf 70' lang='lat' dir='ltr'>coquite,</span> <span class='ocrx_word' id='word_1_46' title='bbox 657 929 749 981; x_wconf 74' lang='lat' dir='ltr'>lanios</span> <span class='ocrx_word' id='word_1_47' title='bbox 760 943 810 979; x_wconf 88' lang='lat' dir='ltr'>sua</span> <span class='ocrx_word' id='word_1_48' title='bbox 820 928 915 979; x_wconf 84' lang='lat' dir='ltr'>limina</span> <span class='ocrx_word' id='word_1_49' title='bbox 925 936 1034 979; x_wconf 79' lang='lat' dir='ltr'>servent</span> 
     </span>
     <span class='ocr_line' id='line_1_9' title="bbox 332 1001 968 1070; baseline -0.005 -15"><span class='ocrx_word' id='word_1_50' title='bbox 332 1002 413 1055; x_wconf 88' lang='lat' dir='ltr'>Nunc</span> <span class='ocrx_word' id='word_1_51' title='bbox 421 1002 510 1055; x_wconf 80' lang='lat' dir='ltr'>Roma</span> <span class='ocrx_word' id='word_1_52' title='bbox 518 1009 568 1066; x_wconf 86' lang='lat' dir='ltr'>est,</span> <span class='ocrx_word' id='word_1_53' title='bbox 579 1019 665 1070; x_wconf 90' lang='lat' dir='ltr'>nuper</span> <span class='ocrx_word' id='word_1_54' title='bbox 674 1019 773 1070; x_wconf 79' lang='lat' dir='ltr'>magna</span> <span class='ocrx_word' id='word_1_55' title='bbox 782 1003 897 1057; x_wconf 75' lang='lat' dir='ltr'>taberna</span> <span class='ocrx_word' id='word_1_56' title='bbox 906 1001 968 1056; x_wconf 77' lang='lat' dir='ltr'>rsit.</span> 
     </span>
    </p>
   </div>
   <div class='ocr_carea' id='block_1_3' title="bbox 570 1108 816 1153">
    <p class='ocr_par' dir='ltr' id='par_1_3' title="bbox 570 1108 816 1153">
     <span class='ocr_line' id='line_1_10' title="bbox 570 1108 816 1153; baseline -0.008 -1"><span class='ocrx_word' id='word_1_57' title='bbox 570 1113 603 1152; x_wconf 79' lang='grc'>62.</span> <span class='ocrx_word' id='word_1_58' title='bbox 626 1110 658 1153; x_wconf 88' lang='lat' dir='ltr'>ln</span> <span class='ocrx_word' id='word_1_59' title='bbox 678 1108 816 1153; x_wconf 62' lang='lat' dir='ltr'>similiora.</span> 
     </span>
    </p>
   </div>
   <div class='ocr_carea' id='block_1_4' title="bbox 293 1202 974 1644">
    <p class='ocr_par' dir='ltr' id='par_1_4' title="bbox 293 1202 974 1644">
     <span class='ocr_line' id='line_1_11' title="bbox 293 1202 916 1271; baseline -0.002 -17"><span class='ocrx_word' id='word_1_60' title='bbox 293 1203 419 1254; x_wconf 76' lang='lat' dir='ltr'>Reclusis</span> <span class='ocrx_word' id='word_1_61' title='bbox 429 1202 535 1254; x_wconf 80' lang='lat' dir='ltr'>loribus</span> <span class='ocrx_word' id='word_1_62' title='bbox 545 1203 662 1270; x_wconf 79' lang='lat' dir='ltr'>grandes</span> <span class='ocrx_word' id='word_1_63' title='bbox 673 1203 800 1271; x_wconf 80' lang='lat' dir='ltr'>per-cidis,</span> <span class='ocrx_word' id='word_1_64' title='bbox 810 1202 916 1264; x_wconf 80' lang='lat' dir='ltr'>Amille,</span> 
     </span>
     <span class='ocr_line' id='line_1_12' title="bbox 332 1276 867 1344; baseline -0.007 -14"><span class='ocrx_word' id='word_1_65' title='bbox 332 1284 360 1330; x_wconf 91' lang='lat' dir='ltr'>et</span> <span class='ocrx_word' id='word_1_66' title='bbox 368 1284 395 1328; x_wconf 91' lang='lat' dir='ltr'>te</span> <span class='ocrx_word' id='word_1_67' title='bbox 406 1279 543 1344; x_wconf 84' lang='lat' dir='ltr'>deprendi,</span> <span class='ocrx_word' id='word_1_68' title='bbox 554 1294 614 1329; x_wconf 89' lang='lat' dir='ltr'>curn</span> <span class='ocrx_word' id='word_1_69' title='bbox 624 1278 694 1330; x_wconf 83' lang='lat' dir='ltr'>facis</span> <span class='ocrx_word' id='word_1_70' title='bbox 704 1279 767 1340; x_wconf 85' lang='lat' dir='ltr'>ista,</span> <span class='ocrx_word' id='word_1_71' title='bbox 781 1276 867 1343; x_wconf 85' lang='lat' dir='ltr'>cupis,</span> 
     </span>
     <span class='ocr_line' id='line_1_13' title="bbox 293 1353 974 1420; baseline -0.004 -16"><span class='ocrx_word' id='word_1_72' title='bbox 293 1353 405 1420; x_wconf 90' lang='lat' dir='ltr'>nequid</span> <span class='ocrx_word' id='word_1_73' title='bbox 417 1353 509 1403; x_wconf 89' lang='lat' dir='ltr'>liberti</span> <span class='ocrx_word' id='word_1_74' title='bbox 522 1360 640 1413; x_wconf 79' lang='lat' dir='ltr'>narrent,</span> <span class='ocrx_word' id='word_1_75' title='bbox 650 1353 776 1419; x_wconf 73' lang='lat' dir='ltr'>sortique</span> <span class='ocrx_word' id='word_1_76' title='bbox 786 1353 901 1418; x_wconf 83' lang='lat' dir='ltr'>paterni,</span> <span class='ocrx_word' id='word_1_77' title='bbox 972 1362 974 1366; x_wconf 57' lang='lat'><strong><em>⁴</em></strong></span> 
     </span>
     <span class='ocr_line' id='line_1_14' title="bbox 333 1427 845 1494; baseline -0.002 -17"><span class='ocrx_word' id='word_1_78' title='bbox 333 1434 360 1478; x_wconf 90' lang='lat' dir='ltr'>et</span> <span class='ocrx_word' id='word_1_79' title='bbox 367 1428 445 1494; x_wconf 83' lang='lat' dir='ltr'>niger</span> <span class='ocrx_word' id='word_1_80' title='bbox 458 1427 569 1494; x_wconf 85' lang='lat' dir='ltr'>obliqua</span> <span class='ocrx_word' id='word_1_81' title='bbox 582 1428 743 1494; x_wconf 71' lang='lat' dir='ltr'>garrulitate</span> <span class='ocrx_word' id='word_1_82' title='bbox 753 1427 845 1477; x_wconf 83' lang='lat' dir='ltr'>cliens.</span> 
     </span>
     <span class='ocr_line' id='line_1_15' title="bbox 293 1501 854 1569; baseline -0.004 -15"><span class='ocrx_word' id='word_1_83' title='bbox 293 1501 357 1555; x_wconf 91' lang='lat' dir='ltr'>Non</span> <span class='ocrx_word' id='word_1_84' title='bbox 369 1502 508 1568; x_wconf 88' lang='lat' dir='ltr'>paedioari</span> <span class='ocrx_word' id='word_1_85' title='bbox 518 1518 547 1553; x_wconf 84' lang='lat' dir='ltr'>se</span> <span class='ocrx_word' id='word_1_86' title='bbox 558 1504 604 1569; x_wconf 90' lang='lat' dir='ltr'>qui</span> <span class='ocrx_word' id='word_1_87' title='bbox 613 1508 737 1564; x_wconf 82' lang='lat' dir='ltr'>testotru,</span> <span class='ocrx_word' id='word_1_88' title='bbox 747 1502 854 1563; x_wconf 77' lang='lat' dir='ltr'>¹lorille,</span> 
     </span>
     <span class='ocr_line' id='line_1_16' title="bbox 331 1575 895 1644; baseline -0.007 -16"><span class='ocrx_word' id='word_1_89' title='bbox 331 1576 401 1628; x_wconf 88' lang='lat' dir='ltr'>illud</span> <span class='ocrx_word' id='word_1_90' title='bbox 411 1591 492 1644; x_wconf 89' lang='lat' dir='ltr'>saepe</span> <span class='ocrx_word' id='word_1_91' title='bbox 501 1576 578 1640; x_wconf 84' lang='lat' dir='ltr'>facit,</span> <span class='ocrx_word' id='word_1_92' title='bbox 589 1577 662 1644; x_wconf 90' lang='lat' dir='ltr'>quod</span> <span class='ocrx_word' id='word_1_93' title='bbox 672 1578 732 1630; x_wconf 84' lang='lat' dir='ltr'>siae</span> <span class='ocrx_word' id='word_1_94' title='bbox 741 1582 810 1627; x_wconf 84' lang='lat' dir='ltr'>teste</span> <span class='ocrx_word' id='word_1_95' title='bbox 820 1575 895 1628; x_wconf 85' lang='lat' dir='ltr'>facit.</span> 
     </span>
    </p>
   </div>
   <div class='ocr_carea' id='block_1_5' title="bbox 514 1680 868 1738">
    <p class='ocr_par' dir='ltr' id='par_1_5' title="bbox 514 1680 868 1738">
     <span class='ocr_line' id='line_1_17' title="bbox 514 1680 868 1738; baseline -0.008 -12"><span class='ocrx_word' id='word_1_96' title='bbox 514 1685 548 1726; x_wconf 73' lang='lat' dir='ltr'>tt.</span> <span class='ocrx_word' id='word_1_97' title='bbox 572 1682 612 1725; x_wconf 77' lang='lat' dir='ltr'>Da</span> <span class='ocrx_word' id='word_1_98' title='bbox 630 1681 705 1726; x_wconf 82' lang='lat' dir='ltr'>Silio</span> <span class='ocrx_word' id='word_1_99' title='bbox 723 1680 868 1738; x_wconf 76' lang='lat' dir='ltr'>(Italico.)</span> 
     </span>
    </p>
   </div>
   <div class='ocr_carea' id='block_1_6' title="bbox 291 1775 1051 2665">
    <p class='ocr_par' dir='ltr' id='par_1_6' title="bbox 291 1775 1051 2665">
     <span class='ocr_line' id='line_1_18' title="bbox 293 1775 925 1844; baseline -0.008 -14"><span class='ocrx_word' id='word_1_100' title='bbox 293 1778 423 1843; x_wconf 86' lang='lat' dir='ltr'>Perpetui</span> <span class='ocrx_word' id='word_1_101' title='bbox 432 1792 568 1844; x_wconf 84' lang='lat' dir='ltr'>nunquam</span> <span class='ocrx_word' id='word_1_102' title='bbox 579 1777 713 1827; x_wconf 89' lang='lat' dir='ltr'>moritura</span> <span class='ocrx_word' id='word_1_103' title='bbox 722 1776 862 1828; x_wconf 88' lang='lat' dir='ltr'>volumina</span> <span class='ocrx_word' id='word_1_104' title='bbox 873 1775 925 1826; x_wconf 88' lang='lat' dir='ltr'>Sili</span> 
     </span>
     <span class='ocr_line' id='line_1_19' title="bbox 333 1850 916 1919; baseline -0.003 -16"><span class='ocrx_word' id='word_1_105' title='bbox 333 1851 469 1919; x_wconf 78' lang='lat' dir='ltr'>quilegie,</span> <span class='ocrx_word' id='word_1_106' title='bbox 479 1850 599 1903; x_wconf 89' lang='lat' dir='ltr'>etLatia</span> <span class='ocrx_word' id='word_1_107' title='bbox 610 1854 734 1902; x_wconf 87' lang='lat' dir='ltr'>carmina</span> <span class='ocrx_word' id='word_1_108' title='bbox 743 1852 827 1917; x_wconf 82' lang='lat' dir='ltr'>digua</span> <span class='ocrx_word' id='word_1_109' title='bbox 835 1856 916 1917; x_wconf 81' lang='lat' dir='ltr'>togn3</span> 
     </span>
     <span class='ocr_line' id='line_1_20' title="bbox 292 1926 866 1992; baseline -0.005 -14"><span class='ocrx_word' id='word_1_110' title='bbox 292 1926 403 1978; x_wconf 90' lang='lat' dir='ltr'>Pierios</span> <span class='ocrx_word' id='word_1_111' title='bbox 413 1932 518 1977; x_wconf 86' lang='lat' dir='ltr'>tantum</span> <span class='ocrx_word' id='word_1_112' title='bbox 528 1928 586 1978; x_wconf 87' lang='lat' dir='ltr'>vati</span> <span class='ocrx_word' id='word_1_113' title='bbox 597 1926 733 1992; x_wconf 75' lang='lat' dir='ltr'>placuisse</span> <span class='ocrx_word' id='word_1_114' title='bbox 744 1940 866 1977; x_wconf 85' lang='lat' dir='ltr'>recessus</span> 
     </span>
     <span class='ocr_line' id='line_1_21' title="bbox 332 1998 930 2064; baseline -0.007 -12"><span class='ocrx_word' id='word_1_115' title='bbox 332 2002 429 2064; x_wconf 86' lang='lat' dir='ltr'>credis,</span> <span class='ocrx_word' id='word_1_116' title='bbox 440 2006 467 2051; x_wconf 88' lang='lat' dir='ltr'>et</span> <span class='ocrx_word' id='word_1_117' title='bbox 475 2001 580 2052; x_wconf 82' lang='lat' dir='ltr'>Aoniae</span> <span class='ocrx_word' id='word_1_118' title='bbox 590 2000 727 2052; x_wconf 88' lang='lat' dir='ltr'>Bacchica</span> <span class='ocrx_word' id='word_1_119' title='bbox 736 2006 810 2052; x_wconf 88' lang='lat' dir='ltr'>serta</span> <span class='ocrx_word' id='word_1_120' title='bbox 819 1998 930 2051; x_wconf 72' lang='lat' dir='ltr'>corraei</span> 
     </span>
     <span class='ocr_line' id='line_1_22' title="bbox 293 2073 929 2143; baseline -0.005 -15"><span class='ocrx_word' id='word_1_121' title='bbox 293 2076 381 2128; x_wconf 81' lang='lat' dir='ltr'>Sacra</span> <span class='ocrx_word' id='word_1_122' title='bbox 392 2073 547 2127; x_wconf 78' lang='lat' dir='ltr'>cothurnati</span> <span class='ocrx_word' id='word_1_123' title='bbox 556 2092 611 2127; x_wconf 90' lang='lat' dir='ltr'>oon</span> <span class='ocrx_word' id='word_1_124' title='bbox 623 2078 715 2143; x_wconf 86' lang='lat' dir='ltr'>attigit</span> <span class='ocrx_word' id='word_1_125' title='bbox 724 2081 786 2127; x_wconf 91' lang='lat' dir='ltr'>ante</span> <span class='ocrx_word' id='word_1_126' title='bbox 795 2075 929 2136; x_wconf 81' lang='lat' dir='ltr'>Maronis,</span> 
     </span>
     <span class='ocr_line' id='line_1_23' title="bbox 331 2150 887 2218; baseline -0.002 -18"><span class='ocrx_word' id='word_1_127' title='bbox 331 2150 455 2215; x_wconf 88' lang='lat' dir='ltr'>implevit</span> <span class='ocrx_word' id='word_1_128' title='bbox 464 2151 556 2218; x_wconf 76' lang='lat' dir='ltr'>magni</span> <span class='ocrx_word' id='word_1_129' title='bbox 566 2166 646 2217; x_wconf 84' lang='lat' dir='ltr'>quam</span> <span class='ocrx_word' id='word_1_130' title='bbox 658 2152 799 2203; x_wconf 85' lang='lat' dir='ltr'>Ciceronis</span> <span class='ocrx_word' id='word_1_131' title='bbox 810 2165 887 2217; x_wconf 89' lang='lat' dir='ltr'>opus.</span> 
     </span>
     <span class='ocr_line' id='line_1_24' title="bbox 292 2223 1051 2299; baseline -0.005 -23"><span class='ocrx_word' id='word_1_132' title='bbox 292 2226 376 2276; x_wconf 86' lang='lat' dir='ltr'>Hunc</span> <span class='ocrx_word' id='word_1_133' title='bbox 386 2226 500 2276; x_wconf 88' lang='lat' dir='ltr'>miratur</span> <span class='ocrx_word' id='word_1_134' title='bbox 509 2223 597 2277; x_wconf 89' lang='lat' dir='ltr'>adhuc</span> <span class='ocrx_word' id='word_1_135' title='bbox 608 2232 714 2277; x_wconf 86' lang='lat' dir='ltr'>centurn</span> <span class='ocrx_word' id='word_1_136' title='bbox 725 2226 818 2299; x_wconf 71' lang='lat' dir='ltr'>gravis</span> <span class='ocrx_word' id='word_1_137' title='bbox 827 2224 908 2276; x_wconf 84' lang='lat' dir='ltr'>hasta</span> <span class='ocrx_word' id='word_1_138' title='bbox 917 2225 1051 2278; x_wconf 75' lang='lat' dir='ltr'>virorum:</span> 
     </span>
     <span class='ocr_line' id='line_1_25' title="bbox 330 2298 928 2368; baseline -0.002 -19"><span class='ocrx_word' id='word_1_139' title='bbox 330 2298 403 2350; x_wconf 89' lang='lat' dir='ltr'>bunc</span> <span class='ocrx_word' id='word_1_140' title='bbox 412 2299 536 2366; x_wconf 86' lang='lat' dir='ltr'>loquitur</span> <span class='ocrx_word' id='word_1_141' title='bbox 544 2306 624 2368; x_wconf 82' lang='lat' dir='ltr'>grato</span> <span class='ocrx_word' id='word_1_142' title='bbox 633 2303 766 2368; x_wconf 86' lang='lat' dir='ltr'>plurimus</span> <span class='ocrx_word' id='word_1_143' title='bbox 777 2316 825 2351; x_wconf 91' lang='lat' dir='ltr'>ore</span> <span class='ocrx_word' id='word_1_144' title='bbox 836 2300 928 2350; x_wconf 87' lang='lat' dir='ltr'>cliens.</span> 
     </span>
     <span class='ocr_line' id='line_1_26' title="bbox 291 2374 966 2443; baseline -0.006 -16"><span class='ocrx_word' id='word_1_145' title='bbox 291 2375 443 2440; x_wconf 85' lang='lat' dir='ltr'>Postquam</span> <span class='ocrx_word' id='word_1_146' title='bbox 453 2374 496 2425; x_wconf 92' lang='lat' dir='ltr'>bis</span> <span class='ocrx_word' id='word_1_147' title='bbox 507 2376 579 2426; x_wconf 85' lang='lat' dir='ltr'>senis</span> <span class='ocrx_word' id='word_1_148' title='bbox 588 2376 724 2443; x_wconf 82' lang='lat' dir='ltr'>ingentem</span> <span class='ocrx_word' id='word_1_149' title='bbox 735 2375 856 2426; x_wconf 81' lang='lat' dir='ltr'>fascibus</span> <span class='ocrx_word' id='word_1_150' title='bbox 868 2389 966 2425; x_wconf 83' lang='lat' dir='ltr'>annum</span> 
     </span>
     <span class='ocr_line' id='line_1_27' title="bbox 329 2448 860 2516; baseline -0.004 -16"><span class='ocrx_word' id='word_1_151' title='bbox 329 2454 448 2512; x_wconf 85' lang='lat' dir='ltr'>rexerat,</span> <span class='ocrx_word' id='word_1_152' title='bbox 459 2455 564 2501; x_wconf 69' lang='lat' dir='ltr'>essene</span> <span class='ocrx_word' id='word_1_153' title='bbox 575 2452 623 2516; x_wconf 88' lang='lat' dir='ltr'>qui</span> <span class='ocrx_word' id='word_1_154' title='bbox 632 2466 711 2501; x_wconf 87' lang='lat' dir='ltr'>sacer</span> <span class='ocrx_word' id='word_1_155' title='bbox 721 2451 786 2501; x_wconf 90' lang='lat' dir='ltr'>orbe</span> <span class='ocrx_word' id='word_1_156' title='bbox 796 2448 860 2499; x_wconf 81' lang='lat' dir='ltr'>fuit:</span> 
     </span>
     <span class='ocr_line' id='line_1_28' title="bbox 291 2523 912 2583; baseline -0.006 -7"><span class='ocrx_word' id='word_1_157' title='bbox 291 2524 423 2576; x_wconf 87' lang='lat' dir='ltr'>emeritos</span> <span class='ocrx_word' id='word_1_158' title='bbox 432 2523 520 2574; x_wconf 89' lang='lat' dir='ltr'>Musis</span> <span class='ocrx_word' id='word_1_159' title='bbox 530 2530 557 2575; x_wconf 90' lang='lat' dir='ltr'>et</span> <span class='ocrx_word' id='word_1_160' title='bbox 566 2523 677 2575; x_wconf 86' lang='lat' dir='ltr'>Phoebo</span> <span class='ocrx_word' id='word_1_161' title='bbox 687 2525 804 2575; x_wconf 81' lang='lat' dir='ltr'>tradidit</span> <span class='ocrx_word' id='word_1_162' title='bbox 814 2538 912 2583; x_wconf 85' lang='lat' dir='ltr'>anuos3</span> 
     </span>
     <span class='ocr_line' id='line_1_29' title="bbox 330 2596 936 2665; baseline -0.003 -16"><span class='ocrx_word' id='word_1_163' title='bbox 330 2612 436 2665; x_wconf 87' lang='lat' dir='ltr'>proque</span> <span class='ocrx_word' id='word_1_164' title='bbox 447 2614 497 2649; x_wconf 89' lang='lat' dir='ltr'>suo</span> <span class='ocrx_word' id='word_1_165' title='bbox 509 2598 629 2650; x_wconf 86' lang='lat' dir='ltr'>celebrat</span> <span class='ocrx_word' id='word_1_166' title='bbox 637 2615 709 2650; x_wconf 90' lang='lat' dir='ltr'>nunc</span> <span class='ocrx_word' id='word_1_167' title='bbox 718 2598 855 2650; x_wconf 86' lang='lat' dir='ltr'>Helicona</span> <span class='ocrx_word' id='word_1_168' title='bbox 864 2596 936 2648; x_wconf 79' lang='lat' dir='ltr'>foro.</span> 
     </span>
    </p>
   </div>
   <div class='ocr_carea' id='block_1_7' title="bbox 551 2703 829 2748">
    <p class='ocr_par' dir='ltr' id='par_1_7' title="bbox 551 2703 829 2748">
     <span class='ocr_line' id='line_1_30' title="bbox 551 2703 829 2748; baseline -0.018 0"><span class='ocrx_word' id='word_1_169' title='bbox 551 2707 586 2748; x_wconf 80' lang='lat' dir='ltr'>dd.</span> <span class='ocrx_word' id='word_1_170' title='bbox 609 2703 641 2748; x_wconf 86' lang='lat' dir='ltr'>Iu</span> <span class='ocrx_word' id='word_1_171' title='bbox 660 2703 829 2747; x_wconf 78' lang='lat' dir='ltr'>cinnamum.</span> 
     </span>
    </p>
   </div>
   <div class='ocr_carea' id='block_1_8' title="bbox 292 2794 999 2946">
    <p class='ocr_par' dir='ltr' id='par_1_8' title="bbox 292 2794 999 2946">
     <span class='ocr_line' id='line_1_31' title="bbox 292 2794 894 2865; baseline 0.01 -18"><span class='ocrx_word' id='word_1_172' title='bbox 292 2794 350 2858; x_wconf 76' lang='lat' dir='ltr'>Qui</span> <span class='ocrx_word' id='word_1_173' title='bbox 359 2801 457 2848; x_wconf 91' lang='lat' dir='ltr'>tonsor</span> <span class='ocrx_word' id='word_1_174' title='bbox 465 2797 556 2852; x_wconf 84' lang='lat' dir='ltr'>fueras</span> <span class='ocrx_word' id='word_1_175' title='bbox 566 2803 626 2852; x_wconf 88' lang='lat' dir='ltr'>tota</span> <span class='ocrx_word' id='word_1_176' title='bbox 634 2798 798 2854; x_wconf 83' lang='lat' dir='ltr'>notissimus</span> <span class='ocrx_word' id='word_1_177' title='bbox 812 2798 894 2865; x_wconf 84' lang='lat' dir='ltr'>urbe,</span> 
     </span>
     <span class='ocr_line' id='line_1_32' title="bbox 324 2868 999 2946; baseline 0.016 -29"><span class='ocrx_word' id='word_1_178' title='bbox 324 2874 426 2932; x_wconf 82' lang='lat' dir='ltr'>etpost</span> <span class='ocrx_word' id='word_1_179' title='bbox 431 2868 502 2923; x_wconf 80' lang='lat' dir='ltr'>baec</span> <span class='ocrx_word' id='word_1_180' title='bbox 511 2874 641 2932; x_wconf 73' lang='lat' dir='ltr'>dommac</span> <span class='ocrx_word' id='word_1_181' title='bbox 650 2894 771 2936; x_wconf 81' lang='lat' dir='ltr'>munere</span> <span class='ocrx_word' id='word_1_182' title='bbox 780 2878 879 2940; x_wconf 62' lang='lat' dir='ltr'>iaetus</span> <span class='ocrx_word' id='word_1_183' title='bbox 888 2890 999 2946; x_wconf 65' lang='lat' dir='ltr'>equom</span> 
     </span>
    </p>
   </div>
   <div class='ocr_carea' id='block_1_9' title="bbox 852 2976 916 3026">
    <p class='ocr_par' dir='ltr' id='par_1_9' title="bbox 852 2976 916 3026">
     <span class='ocr_line' id='line_1_33' title="bbox 852 2976 916 3026; baseline -0.063 0"><span class='ocrx_word' id='word_1_184' title='bbox 852 2979 884 3026; x_wconf 76' lang='lat' dir='ltr'>bt</span> <span class='ocrx_word' id='word_1_185' title='bbox 893 2976 916 3022; x_wconf 67' lang='grc' dir='ltr'><strong>Ἄ</strong></span> 
     </span>
    </p>
   </div>
   <div class='ocr_carea' id='block_1_10' title="bbox 0 0 1380 3450">
    <p class='ocr_par' dir='ltr' id='par_1_10' title="bbox 0 0 1380 3450">
     <span class='ocr_line' id='line_1_34' title="bbox 0 0 1380 3450; baseline 0 0"><span class='ocrx_word' id='word_1_186' title='bbox 0 0 1380 3450; x_wconf 95' lang='lat' dir='ltr'> </span> 
     </span>
    </p>
   </div>
  </div>
 </body>
</html>
