2750 3450
423 360 740 412 EPIGRAMMATUM
768 365 840 412 clo.
863 366 920 412 ΧΠ.
1020 363 1070 414 327

277 486 1070 555 quamuonpercomesus,largaequenomismatamensaei

315 572 394 625 quae,
408 558 532 624 Summe,
542 562 594 613 tibi
604 568 824 628 pernumerentur
836 561 918 629 opes!

276 631 366 699 thue
376 635 413 685 sit
422 633 464 686 his
474 637 590 702 pretium
600 637 714 699 meritis,
724 642 752 687 et
760 637 851 704 gratia
860 639 958 701 maior,

314 712 343 758 et
350 714 437 775 pater,
448 714 475 761 et
483 708 555 778 frugi
565 711 606 762 sic
614 716 663 762 tua
672 725 752 763 sacra
761 712 837 762 colit.

276 782 312 833 At
320 787 359 845 tu,
370 789 471 846 sanae,
481 789 529 836 tuo
540 785 581 836 sic
591 800 699 852 semper
707 800 798 836 amere
807 785 964 838 Decembris

313 854 366 910 hos
374 858 418 909 illi
426 858 523 911 iubeas
532 875 615 927 saepe
623 860 713 912 redire
723 860 791 911 dies.

529 966 564 1006 68.
588 963 629 1006 At
649 964 813 1007 cordubam.

368 1057 457 1109 Uncto
467 1056 598 1109 Corduba
606 1059 706 1110 laetior
715 1056 847 1123 Venafro,

368 1132 465 1185 Histra
474 1147 525 1184 uec
534 1133 622 1185 minos
633 1134 762 1186 absoluta
770 1140 850 1198 testa,

368 1207 426 1260 sibi
435 1223 505 1276 quae
515 1223 627 1275 superos
638 1224 703 1260 oves
715 1208 818 1272 Galesi,

367 1283 445 1336 nullo
457 1284 559 1335 moute
568 1299 619 1335 uec
628 1299 725 1336 cruore
733 1285 859 1348 mendax,

291 1362 294 1366 ’
367 1358 518 1411 sedtinctis
528 1359 656 1428 gregibus
666 1359 847 1413 coloremve:

367 1433 520 1497 dicresim,
530 1449 610 1502 rogo,
620 1435 657 1486 sit
666 1434 756 1502 pudor
765 1431 872 1500 poetae,

366 1523 401 1560 ue
410 1509 497 1576 gratis
506 1509 603 1561 recitet
611 1525 687 1562 meos
697 1508 821 1561 libellos:

366 1581 474 1645 ferrem,
484 1584 509 1634 si
518 1581 622 1636 iaceret
630 1583 720 1635 bouus
750 1589 821 1646 oeta,

367 1657 412 1708 cui
421 1673 529 1726 possem
541 1657 607 1709 dare
615 1599 867 1709 mutuoszonores:

368 1733 517 1800 corrumpit
526 1734 583 1785 sine
593 1733 699 1785 talione
710 1732 826 1784 caelebs.

368 1807 471 1859 Caecus
481 1809 592 1875 perdere
601 1824 659 1861 non
667 1813 769 1875 potest,
780 1806 854 1874 quod
864 1806 961 1860 aufert.
1029 1818 1031 1821 ⁴

366 1881 413 1935 Nil
423 1887 465 1934 est
475 1882 592 1934 deterius
603 1884 710 1935 latrone
720 1882 808 1933 nudus

365 1958 405 2009 uil
414 1958 537 2009 securius
546 1962 589 2010 est
597 1958 670 2009 maio
681 1963 773 2024 poeta.

562 2066 595 2106 os.
621 2064 660 2106 Do
681 2062 779 2106 ciuus.
862 2041 864 2046 Ι

272 2155 434 2209 Vincentem
442 2171 541 2208 roseos
548 2155 675 2223 facisque
684 2171 817 2223 comaque
827 2156 968 2207 ministros

312 2231 589 2283 Ginnacocomiecit.
610 2232 699 2283 cinna
707 2232 821 2299 gulosus
830 2228 915 2282 homo
923 2240 974 2282 est.

537 2340 571 2380 ts.
595 2335 635 2379 Dc
653 2334 797 2391 Phyllide.
907 2385 909 2390 Ι

345 2429 481 2482 Formosa
489 2427 596 2495 Phyllis
605 2435 687 2482 nocte
697 2446 757 2481 cum
766 2427 835 2480 mihi
844 2435 905 2480 tota

346 2520 376 2555 se
384 2505 567 2572 praestitisset
577 2505 702 2557 omuibus
711 2505 801 2556 modis
812 2504 926 2571 largam,

346 2584 374 2629 et
384 2581 532 2647 cogitarem
546 2594 625 2629 manc
641 2579 714 2646 quod
729 2578 821 2630 darem
831 2594 937 2639 urunus,

346 2660 470 2706 utrumne
482 2653 584 2716 Cosmi,
594 2651 733 2705 Nicerotis
743 2668 778 2703 an
787 2653 895 2715 libram,

346 2744 382 2779 an
391 2728 563 2780 Baeticarum
575 2728 679 2793 pondus
695 2743 757 2779 acre
765 2727 898 2790 lanarum,

346 2818 382 2854 sn
393 2804 426 2855 de
435 2808 545 2855 moneta
555 2801 681 2854 Caesaris
692 2802 783 2855 decem
793 2801 894 2854 flavos:

347 2880 472 2946 amplexa
483 2879 592 2943 collum,
607 2878 742 2947 basioque
750 2884 807 2930 tam
817 2877 901 2945 longo
