2750 3450
445 394 767 442 narentanorum
799 396 868 442 nlo.
896 396 941 443 xl.
1040 397 1089 448 281

295 517 402 581 Infelix,
414 518 479 585 quid
490 516 571 585 ageri
589 518 705 586 Aegram
715 519 858 572 simulabis
870 519 1003 571 amicaml

332 591 466 644 Haerebit
476 592 604 644 dominae
613 594 655 644 vir
665 609 757 645 comes
766 595 827 660 ipse
836 609 915 646 suaet

294 667 348 718 ibit
357 672 385 718 et
394 667 429 717 ad
439 665 550 719 fratrem
560 672 659 731 tecum,
668 673 844 735 matremque,
855 675 1022 737 patremque.

333 741 408 803 Quas
420 742 505 809 igitur
512 739 624 794 fraudes
633 742 778 810 ingeniosa
787 742 885 809 parasl

294 815 376 868 Dicet
386 821 413 866 et
421 814 587 883 hystericam
598 832 627 868 se
637 815 756 868 forsitan
767 816 854 868 altera
866 816 981 869 moecha

330 889 537 942 inSinuessano
547 891 617 943 velle
627 891 721 943 sedere
731 891 803 942 lacu.
855 930 857 936 .

295 963 405 1027 Quanto
415 971 447 1017 tu
455 962 566 1017 melius!
587 965 695 1033 quoties
705 965 796 1032 placet
804 966 846 1019 ire
857 965 984 1031 intutum,

333 1054 402 1107 quac
412 1055 505 1092 rerum
515 1040 603 1092 mavis
613 1040 713 1104 dicere,
723 1039 831 1103 Paulla,
841 1041 910 1092 viro.

508 1148 529 1188 8.
553 1145 593 1188 De
613 1144 703 1186 basiis
722 1145 767 1187 sul
785 1144 874 1200 pueri.

293 1221 384 1272 Lassa
394 1221 468 1289 quod
478 1221 583 1273 externi
593 1220 699 1287 spirant
709 1220 890 1287 opobalsama
900 1221 1005 1286 dranci,

330 1295 427 1347 ultima
437 1295 511 1363 quod
522 1310 604 1347 curvo
615 1310 685 1362 quae
696 1295 772 1371 cadit
782 1310 849 1346 aura
859 1311 951 1361 croco,

291 1385 376 1438 poma
387 1370 460 1438 quod
470 1369 584 1422 hiberna
593 1370 805 1429 maturescentia
816 1385 908 1438 capsa,

331 1445 429 1497 arbore
440 1445 513 1512 quod
523 1460 606 1496 verna
616 1445 774 1497 luxuriosus
786 1460 859 1513 ager,

293 1520 327 1571 de
337 1519 482 1571 Pallatinis
492 1519 619 1572 dominae
630 1519 705 1586 quod
715 1520 804 1571 serica
813 1520 924 1587 praelis,

330 1594 442 1645 succina
449 1594 573 1662 virginea
583 1593 657 1660 qnod
666 1594 789 1661 regelata
798 1610 889 1657 mann,

292 1666 426 1736 amphora
435 1669 509 1737 quod
520 1669 600 1736 nigri,
610 1669 659 1720 sed
668 1668 750 1736 longe
760 1668 858 1733 fracta,
867 1669 987 1735 Falerni,

331 1744 404 1811 quod
415 1739 462 1811 qui
472 1743 597 1795 Sicanias
608 1744 712 1795 detinet
724 1742 820 1795 hortus
831 1760 907 1811 apes,
981 1786 983 1789 .

292 1819 366 1885 quod
377 1818 471 1870 Cosmi
482 1818 607 1871 redolent
617 1818 766 1879 alabastra,
775 1818 886 1887 focique
898 1821 1020 1884 deorum,

332 1893 499 1961 quodmodo
511 1893 642 1945 divitibus
651 1893 732 1959 lapsa
742 1909 845 1946 corona
854 1895 953 1945 comis:

292 1968 402 2036 singula
412 1968 476 2035 quid
487 1966 593 2038 dicaml
610 1984 665 2020 non
676 1975 739 2018 sunt
749 1969 830 2030 satis3
842 1970 935 2020 omnia
944 1970 1041 2022 misce:

329 2041 516 2110 hocfragrant
525 2044 602 2110 pueri
611 2043 780 2094 basiamane
790 2044 852 2093 mei.

292 2116 369 2169 Scire
380 2119 456 2184 cupis
467 2117 582 2169 nomeni
601 2116 647 2168 Nil
658 2124 768 2184 practer
776 2119 856 2169 basia
866 2119 966 2184 dicam,

328 2192 436 2244 iurasti⁴
455 2191 575 2244 Nimium
586 2194 665 2256 scire,
676 2192 786 2258 Sabine,
797 2194 882 2260 cupis.

505 2283 525 2324 ⁹·
550 2281 589 2324 De
609 2285 705 2323 statur
725 2282 864 2324 Memoris.

292 2356 388 2408 Clarus
398 2356 496 2408 fronde
505 2356 588 2420 loris,
599 2355 717 2407 Romani
727 2356 802 2409 lama
812 2356 947 2422 cothurni,

328 2433 417 2498 spirat
424 2431 538 2499 Apellea
546 2430 669 2482 redditus
680 2437 738 2482 arte
748 2431 863 2484 Memor.

576 2523 609 2562 it).
633 2519 672 2561 De
693 2518 796 2561 Turno.

278 2564 416 2647 'contulit
429 2596 465 2648 ad
479 2604 588 2661 satyras
597 2596 720 2662 ingentia
729 2600 843 2661 pectora
853 2596 969 2647 Turnus.

330 2668 384 2721 Cur
393 2685 449 2723 non
459 2671 495 2723 ad
503 2669 636 2721 Memoris
646 2668 784 2721 carminat
802 2669 900 2722 Frater
910 2676 977 2722 erat.

520 2762 554 2801 u·
578 2756 619 2800 Ad
638 2770 751 2812 pueram
772 2770 855 2800 raam.

291 2833 378 2896 Tolle,
386 2848 463 2899 parer,
475 2834 586 2901 calices,
598 2833 746 2906 tepidique
754 2832 1010 2892 toreumati,

314 2904 422 2957 etmili
429 2923 533 2964 secura
539 2913 651 2980 pocula
661 2914 751 2970 trade
760 2929 866 2979 mann,
