2750 3450
516 408 557 457 lu
578 411 750 459 PRlAPUM
772 413 898 460 Lusus.
1055 412 1104 463 393

487 552 490 558 ·
566 534 617 572 ι40.
638 531 677 572 Ad
697 530 837 585 Priapum.

314 593 389 646 Nota
399 592 556 646 Suburanas
565 597 636 646 inter
646 595 794 647 Telethusa
804 597 917 662 puellas,

352 683 429 735 quae,
440 674 516 734 puto,
528 670 561 720 de
572 676 685 736 quaestu
696 671 783 721 libera
792 670 866 721 facta
875 687 925 722 suo
936 677 986 734 est,

312 744 397 809 cingit
406 743 532 805 inaurata
544 760 635 810 penem
646 746 706 801 tibi,
717 751 818 807 sancte,
829 761 939 796 corona.

348 817 429 868 Hunc
438 816 564 883 pathicae
574 821 671 869 summi
681 821 799 870 numinis
808 821 895 870 instar
903 819 1011 872 habent.

616 909 650 948 41.
670 907 801 962 Priapus.

422 963 552 1030 Quisquis
562 967 668 1016 venerit
677 964 737 1028 huc,
748 971 830 1032 poeta
841 968 897 1028 liat,

420 1044 448 1089 et
456 1054 550 1090 versus
560 1037 626 1090 mihi
639 1040 746 1091 dedicet
754 1043 876 1093 iocosos,

422 1112 475 1173 uui
485 1129 540 1164 non
550 1113 657 1176 lecerit,
672 1115 744 1166 iuter
753 1116 875 1168 curditos

418 1187 598 1240 ficosissimus
609 1189 729 1240 ambulet
737 1195 841 1257 poetas.

577 1281 611 1318 42.
634 1278 672 1318 ld
692 1278 832 1332 Priapum.
924 1262 929 1273 ⁵

309 1336 412 1386 Laetus
425 1335 599 1402 Aristagoras
609 1338 682 1388 natis
694 1338 761 1391 bene
770 1338 877 1389 villicus
887 1340 948 1389 uvis

348 1409 382 1460 de
393 1424 455 1461 cera
464 1409 539 1461 facta
549 1411 597 1462 dat
606 1413 657 1463 tibi
667 1427 759 1477 poma,
770 1412 853 1464 Deus.

309 1485 344 1535 nt
353 1490 392 1548 tu,
403 1486 504 1536 sacrati
515 1492 657 1537 contentus
667 1488 788 1553 imagine
798 1488 882 1553 pomi,

346 1558 400 1622 fac,
410 1575 489 1611 veros
498 1556 601 1612 fructura
610 1561 667 1623 ille,
676 1560 785 1627 Priape,
795 1562 873 1612 ferat

610 1651 645 1688 4³.
665 1647 798 1702 Priapus.

418 1706 511 1759 Nolite
523 1706 623 1770 omnia,
635 1724 704 1774 quae
715 1708 823 1775 loquor,
833 1713 929 1774 putare

419 1797 467 1849 per
475 1783 564 1833 lusum
573 1781 640 1832 mihi
650 1798 699 1848 per
708 1784 852 1849 iocumque
863 1783 927 1833 dici.

416 1857 572 1923 Deprensus
583 1872 633 1924 ego
643 1862 685 1909 ter
696 1863 844 1924 quaterque
854 1856 928 1908 fures

419 1947 520 1995 annues,
531 1947 564 1983 ne
575 1932 715 1993 dubitetis,
726 1932 873 1983 irrunrabc.

613 2025 648 2064 44-
669 2021 798 2073 Priapus.

308 2080 386 2132 Vella
397 2080 461 2146 quid
472 2078 541 2130 hanc
551 2081 636 2144 dieas,
648 2080 771 2148 quamvis
783 2081 833 2132 sim
841 2080 959 2147 ligneus,
969 2078 1086 2141 hastam,

348 2154 441 2206 oscula
452 2155 499 2205 dat
513 2156 602 2206 medio
614 2157 639 2207 si
650 2172 704 2222 qua
714 2154 805 2221 puella
816 2153 899 2205 mihii

309 2231 415 2297 Augure
424 2244 479 2280 nan
491 2245 559 2295 opus
570 2237 623 2281 est:
636 2232 664 2281 in
676 2246 728 2293 me,
738 2228 806 2280 mihi
817 2230 928 2292 credite,
939 2230 1017 2290 dixit,

346 2304 440 2355 Utetur
448 2304 519 2354 veris
532 2306 623 2356 usibus
634 2304 714 2355 hasta
724 2305 809 2355 rudis.

612 2397 646 2434 45,
667 2393 797 2445 Priapus.

399 2450 465 2501 Cum
476 2453 609 2517 quendam
619 2453 724 2519 rigidus
733 2452 809 2502 Deus
820 2452 924 2503 videret

398 2524 514 2577 ferventi
525 2533 606 2592 caput
615 2528 737 2578 ustulare
747 2526 829 2589 ferro,

338 2665 341 2672 Ι
398 2605 429 2650 ut
437 2599 552 2651 Maurae
562 2602 659 2652 similis
670 2601 742 2653 foret
750 2601 871 2667 puellae:

398 2673 483 2736 Heus,
493 2675 590 2741 inquit,
600 2676 652 2726 tibi
663 2677 788 2737 dicimus,
801 2674 922 2736 cinaede,

398 2763 462 2799 uras
474 2755 501 2800 te
510 2749 575 2801 licet
584 2766 679 2819 usque,
687 2756 893 2819 torqueasque·=

389 2837 455 2872 num
465 2826 577 2877 tandem
590 2829 670 2896 prior
681 2834 726 2883 est
735 2827 847 2898 puella,
855 2835 983 2893 quanam

382 2909 464 2960 issam
475 2908 553 2968 sumt,
566 2908 702 2960 mentula
715 2903 917 2978 qxiosnauet,
925 2885 1056 2958 wlff·
