2750 3450
458 688 923 769 u.vun.usur1un1s

295 843 1088 918 EPIGRAMMATUM

570 1009 806 1062 mnus

425 1292 621 1341 uuisioni
647 1293 697 1339 Ao
728 1293 949 1342 LECTOREM.

332 1417 427 1506 Spero
437 1445 611 1491 mesecutum
628 1439 657 1489 ln
671 1439 774 1490 libellis
791 1440 860 1489 meis
877 1438 934 1489 talc
951 1445 1083 1507 temporu-

293 1521 424 1577 mentum,
443 1519 474 1564 nt
487 1513 521 1565 de
534 1514 592 1565 illis
603 1514 679 1580 queri
688 1529 744 1565 non
753 1514 856 1581 possit,
876 1514 1000 1580 quisquis
1011 1515 1046 1566 de
1055 1531 1083 1567 se

292 1590 360 1640 bene
370 1590 492 1652 senserit,
510 1604 570 1641 cum
582 1589 660 1641 selva
670 1589 823 1640 intimarum
836 1603 944 1655 quoque
954 1603 1083 1655 persona·

293 1681 353 1715 rum
363 1664 515 1716 reverentia
527 1663 636 1729 ludant;
658 1680 728 1732 quoe
742 1663 812 1715 adeo
829 1663 949 1730 antiquis
964 1665 1082 1715 auctori·

292 1741 343 1791 bus
353 1738 446 1802 defirit,
461 1744 492 1790 ut
503 1733 658 1792 nominibus
668 1757 724 1793 nou
732 1745 837 1791 tantum
847 1739 919 1790 veris
930 1739 1009 1789 abusi
1019 1740 1082 1802 sint,

293 1815 341 1865 sed
352 1815 434 1865 etiam
448 1816 563 1881 magnis.
600 1817 635 1867 nt
648 1813 717 1866 mihi
730 1816 805 1867 fama
819 1814 900 1865 vilius
917 1817 1036 1876 constet,
1057 1820 1084 1865 et

292 1890 422 1954 probetur
430 1889 458 1937 in
469 1903 511 1938 me
520 1889 698 1940 novissimum
708 1891 854 1956 ingenium.
892 1888 971 1938 Absit
981 1889 1082 1939 aioco·

292 1979 350 2013 rum
370 1970 524 2013 nostrorum
539 1962 715 2028 simplicitate
728 1962 865 2029 malignus
875 1962 1018 2028 interpres,
1033 1978 1084 2014 nec

292 2038 490 2103 epigrammata
499 2050 560 2085 mea
569 2036 679 2086 scribat.
700 2036 826 2103 lmprobe
835 2034 911 2095 iacit,
919 2037 966 2102 qui
976 2037 1006 2087 in
1017 2037 1082 2088 alie·

292 2126 328 2162 no
338 2111 409 2161 libro
420 2110 576 2176 ingeniosus
587 2113 636 2159 est.
675 2108 820 2159 Lascivam
830 2110 973 2160 verborum
982 2112 1083 2162 verita·

291 2193 355 2247 tem,
366 2185 394 2235 id
405 2190 454 2247 est,
465 2184 679 2249 epigrammaton
689 2182 809 2250 linguam
820 2198 986 2246 excusarem,
993 2186 1018 2235 si
1027 2201 1082 2237 me-

291 2275 336 2309 um
347 2265 418 2310 esset
427 2257 590 2322 exemplum:
610 2258 651 2308 sic
661 2258 758 2309 scribit
768 2257 899 2321 Catullus,
914 2258 954 2309 sic
963 2257 1083 2323 Marsus,

292 2335 333 2384 sie
343 2333 426 2396 Pedo,
436 2333 477 2383 sic
488 2329 654 2395 Gaetulicus,
665 2332 706 2382 sic
715 2333 866 2398 quicunque
876 2333 1032 2401 perlegitur.
1051 2333 1084 2386 Si

292 2409 353 2473 quis
363 2413 454 2458 tamen
463 2411 518 2457 tam
529 2405 674 2457 ambitiose
683 2407 771 2458 tristis
780 2412 830 2470 ost,
845 2412 876 2458 ut
885 2408 957 2473 apud
965 2408 1043 2459 illum
1052 2410 1084 2461 in

291 2478 585 2548 nullapaginaLatine
596 2480 725 2547 inquitas
735 2482 780 2545 sit,
796 2483 1024 2549 potestepistola
1038 2484 1084 2536 vel

291 2557 384 2621 potius
396 2554 477 2605 titulo
489 2560 630 2606 contentus
640 2571 709 2607 esse.
733 2556 938 2624 Epigrammata
946 2557 1004 2608 illis
1015 2560 1083 2609 sori-

291 2630 399 2691 buntur,
412 2630 458 2695 qui
468 2630 557 2680 solent
566 2637 690 2696 spectare
698 2630 833 2683 Florales.
852 2629 1084 2685 NonintretCato

291 2701 425 2754 theatrum
436 2709 570 2766 nostrum;
583 2711 629 2754 aut
639 2706 663 2755 si
672 2706 825 2768 intraverit,
836 2711 949 2772 spectet.
978 2703 1085 2760 Videor

291 2775 1083 2847 mihimeoiurefacturus,siepistolamversibusclausero.
