2750 3450
322 280 326 289 ’
344 281 377 333 Μ
634 282 847 333 maarlaals

399 422 403 435 ι
469 407 504 446 18.
527 402 567 446 lle
586 416 672 458 puero
690 402 850 447 stillicidio
868 400 1003 457 iugulata.

346 496 406 558 Qua
415 497 506 547 vicina
514 497 587 563 pluit
595 495 725 562 Vipsanis
735 503 815 563 porta
825 497 967 560 columnis,

382 576 409 621 et
418 572 510 621 madet
518 572 629 623 assiduo
640 571 761 622 lubricus
771 573 857 622 imbre
866 573 947 637 lapis,

344 647 374 696 in
382 646 503 712 iugulum
514 647 600 710 pueri,
611 646 657 712 qui
666 645 778 697 roscida
786 651 859 696 tecta
869 646 988 708 subibat,

383 721 486 770 decidit
495 718 608 770 hiberno
619 721 777 788 praegravis
786 721 860 770 unda
869 720 944 787 gelus

249 862 255 873 Ι
346 810 458 860 eumque
469 795 617 862 peregisset
626 795 719 845 miseri
730 795 851 845 crudelia
862 795 930 858 fata,

381 869 471 919 tabuit
479 871 508 919 in
518 869 608 919 calido
619 869 731 920 vulnere
740 885 834 920 mucro
844 874 929 921 tener.

257 938 259 947 '
347 943 419 1004 Quid
429 959 483 994 non
494 959 576 994 saeva
587 943 640 994 sibi
649 944 869 994 voluitFortuna
878 942 979 995 liceret

382 1024 429 1068 aut
437 1018 484 1069 ubi
494 1033 566 1068 mors
577 1034 631 1068 nen
642 1024 692 1081 est,
703 1020 727 1069 si
736 1019 867 1084 iugulatis
878 1016 983 1085 aquael
1038 1045 1041 1049 ·
1059 1036 1066 1045 ·

594 1125 626 1166 19.
651 1122 692 1165 De
711 1123 883 1166 endromids.

311 1270 314 1279 Ι
345 1206 425 1256 Hane
433 1207 483 1256 tibi
496 1205 663 1273 Sequanicae
674 1208 801 1273 pinguem
810 1207 934 1258 textricis
947 1207 1092 1260 alumnam.

383 1296 452 1347 quae
462 1280 709 1332 Lacedaemonium
723 1283 841 1333 barbara
850 1296 949 1331 nomen
958 1279 1048 1343 habet,

346 1355 467 1416 sordida,
479 1356 526 1405 sed
535 1356 627 1422 gelido
637 1372 692 1406 non
706 1356 876 1422 aspernanda
884 1355 1028 1407 Decembri

383 1429 464 1491 dona,
475 1430 642 1496 peregrinam
652 1431 784 1480 mittimus
794 1430 968 1481 endromida:

346 1518 396 1554 seu
405 1503 507 1554 lentum
517 1519 626 1554 ceroma
634 1505 709 1574 teris,
723 1505 877 1570 tepidumve
887 1505 1007 1572 trigona,

383 1578 440 1628 sive
451 1576 580 1645 harpasta
589 1595 670 1629 manu
680 1579 867 1645 pulverulenta
880 1580 970 1645 rapis;

346 1653 455 1719 plumea
465 1669 513 1704 seu
522 1653 580 1703 laxi
590 1655 700 1720 partiris
711 1653 833 1719 pondera
843 1652 932 1715 follis3

384 1729 441 1778 sive
450 1729 536 1779 levem
548 1746 627 1780 cursu
636 1730 743 1780 vincere
755 1729 862 1795 quaeris
872 1726 984 1780 Atham:

345 1818 380 1853 ne
390 1804 515 1854 madidos
525 1804 608 1854 intret
617 1803 785 1869 penetrabile
795 1803 881 1869 frigus
893 1804 922 1853 iu
933 1808 1018 1867 artus,

383 1893 449 1927 neve
460 1880 550 1944 gravis
561 1879 651 1929 subita
660 1884 687 1928 te
698 1883 803 1943 premat
812 1876 862 1928 Iris
874 1893 954 1945 aqua.

346 1950 459 2003 Ridebis
469 1958 564 2002 ventos
574 1950 627 2002 hoc
636 1968 746 2025 minnere
756 1957 844 2002 tectus
854 1957 881 2002 et
891 1952 1007 2004 imbresr
1049 1957 1051 1961 '

383 2041 433 2076 nec
443 2027 521 2076 sicin
532 2027 619 2091 Tyria
628 2027 743 2076 sindone
752 2032 826 2079 tutus
836 2028 899 2078 eris.

522 2133 556 2171 2⁰.
580 2130 619 2172 De
639 2129 786 2174 Caerellia
805 2137 833 2175 et
852 2129 955 2174 Gellia.

346 2222 422 2273 Dicit
432 2236 461 2272 se
470 2222 597 2284 vetulam,
609 2238 667 2273 eum
678 2224 715 2274 sit
726 2225 860 2276 Caerellia
868 2240 973 2292 puppa:

383 2311 501 2362 puppam
511 2313 540 2348 se
550 2298 617 2348 dicit
630 2297 728 2362 Gellia,
744 2316 803 2350 eum
814 2302 851 2350 sit
861 2316 937 2352 auus.

346 2371 428 2421 Ferre
438 2387 488 2422 nec
497 2370 567 2422 banc
576 2374 675 2437 pessis,
684 2376 784 2440 possis,
797 2374 901 2437 celiae,
913 2390 963 2426 nec
971 2375 1062 2426 illam:

384 2447 471 2497 altera
480 2447 597 2498 ridicula
607 2454 656 2511 est,
667 2449 754 2499 altera
764 2450 896 2516 putidula.

640 2558 674 2596 21.
697 2554 737 2596 De
756 2552 841 2596 Selia.
1061 2571 1092 2638 ¹&

454 2644 552 2697 Nullos
563 2662 623 2698 esse
633 2647 708 2709 deos,
719 2650 799 2699 inane
811 2648 925 2711 coelum,

457 2722 574 2771 affirmat
583 2721 681 2784 Selius,
692 2724 857 2789 probatque,
873 2723 946 2789 quod
957 2739 987 2774 ee

456 2794 566 2859 tactum,
578 2798 640 2847 dum
651 2802 734 2864 negat
742 2796 803 2860 hoe,
814 2798 888 2850 videt
897 2798 1015 2849 beatum.

1098 2745 1108 2784 l

1108 2873 1144 3005 l
