2750 3450
308 343 356 391 1112
593 342 808 391 maurianis

308 465 459 526 Sollicitus,
470 464 568 515 donas:
584 464 721 515 dominum
732 456 883 534 regemque
895 469 1026 532 smnus,

346 541 454 589 invitas.
474 538 551 602 Esto,
562 538 693 601 Naevole,
704 540 852 591 sollicitus.

573 631 606 669 ⁸5.
631 627 660 668 ln
681 625 828 668 Thaidem.

380 700 444 752 Non
455 703 533 753 estin
543 702 655 768 populo,
666 717 716 752 nec
725 703 791 752 urbe
801 708 875 766 tota,

382 791 399 826 a
409 792 438 827 se
449 776 557 827 Thaida
568 777 613 842 qui
624 778 722 842 probet
730 776 863 840 fututam3

383 865 441 901 cum
452 852 531 901 multi
541 852 659 916 cupiant,
670 857 819 917 rogentque
830 853 924 904 multi.

384 926 452 976 Tam
464 932 541 977 casta
550 931 599 987 est,
609 940 687 991 rogo,
699 923 801 975 Thaioi
819 925 911 980 lninro
923 926 1017 981 fellat.

572 1015 605 1055 86.
630 1012 662 1053 ln
680 1013 834 1055 Ponticum.

309 1088 368 1140 Nos
377 1090 495 1140 bibimus
506 1090 586 1151 vitro,
596 1098 627 1139 tu
636 1086 755 1154 myrrha,
765 1088 890 1141 Pontice.
925 1092 1039 1154 Quare!

346 1163 449 1215 Prodat
458 1164 616 1230 perspicuus
626 1179 659 1213 ne
670 1163 724 1214 duo
733 1164 798 1214 vina
808 1164 892 1216 calix.

428 1260 462 1300 st.
485 1257 526 1298 Ad
545 1255 648 1299 librum
667 1272 741 1301 suum
757 1260 788 1301 de
803 1259 991 1314 Apollinei.

417 1334 448 1385 Si
458 1335 498 1384 vis
510 1335 620 1385 auribus
630 1334 728 1386 Atticis
742 1335 864 1401 probari,

418 1406 547 1459 exhortor
556 1425 708 1475 moneoque
717 1416 753 1472 te,
764 1410 865 1473 libelle,

417 1488 447 1533 ut
457 1483 538 1534 docto
549 1484 659 1548 placeas
670 1484 830 1549 Apollinari.

416 1557 462 1609 Nil
474 1559 595 1609 exactius
606 1559 791 1625 eruditiusque
804 1565 855 1622 est,

418 1633 465 1683 sed
476 1649 525 1683 nec
537 1634 680 1684 candidius
691 1633 902 1700 benigniusquez

418 1708 478 1759 site
489 1714 606 1774 pectore,
618 1709 642 1760 si
653 1709 757 1759 tenebit
771 1725 826 1772 ore,

417 1799 467 1834 nec
477 1782 595 1834 ronchos
608 1790 711 1834 metues
722 1784 925 1850 maligniorum,

416 1874 466 1909 nec
477 1859 609 1910 scombris
619 1859 726 1909 tunicas
737 1858 814 1908 dabis
824 1859 970 1912 molestas.

418 1932 448 1983 Si
459 1932 636 1996 damnaverit,
649 1934 683 1983 ad
694 1934 855 1983 salariorum

418 2023 511 2058 curras
522 2008 623 2057 scrinia
633 2008 757 2073 protinus
767 2007 869 2070 licebit,

417 2082 526 2132 inversa
535 2083 626 2147 pueris
637 2082 737 2131 arande
749 2080 851 2131 charta.

597 2173 632 2211 88.
656 2170 696 2212 De
715 2169 809 2210 Bassa.

312 2242 443 2294 infantem
454 2260 543 2295 secum
555 2260 661 2313 semper
669 2252 718 2295 tua
729 2245 825 2305 Bassa,
836 2244 963 2310 Fabulle,

349 2318 476 2380 collocat,
488 2325 514 2368 et
524 2319 598 2368 lusus
609 2320 775 2385 deliciasque
787 2324 877 2369 vocat.

313 2393 346 2442 lit
356 2394 429 2459 quod
440 2393 545 2443 mireris
556 2396 651 2460 magis,
661 2393 810 2444 infantaria
823 2408 878 2443 non
889 2399 940 2444 est.

349 2467 421 2536 Ergo
433 2468 498 2536 quid
507 2468 536 2517 in
547 2484 629 2519 causa
640 2467 697 2519 esti
718 2468 820 2518 Pedere
829 2466 920 2519 Bassa
929 2471 1014 2524 solet.

528 2558 562 2598 89.
586 2556 617 2597 ln
636 2554 883 2598 dissimulatorem.

311 2630 393 2681 lt'ulla
403 2632 533 2683 remisisti
543 2648 628 2698 parvo
639 2648 688 2698 pro
701 2647 809 2683 munere
820 2632 907 2695 dona3

349 2707 440 2756 etiam
452 2706 561 2756 Satinni
572 2707 691 2773 quinque
702 2706 776 2757 fuere
788 2706 855 2757 dies.

310 2780 384 2847 Ergo
394 2795 445 2831 nec
454 2781 560 2849 argenti
571 2796 619 2834 sex
631 2782 766 2850 scriptula
776 2780 930 2845 Seqtitinui

333 2856 430 2923 missa,
440 2874 523 2912 neca
534 2859 657 2930 querulo
666 2873 774 2927 niaqqa
784 2856 887 2907 cliente
894 2850 970 2906 tuiti
