2750 3450
491 292 812 341 urlcuauusruru
836 292 905 337 ΜΒ.
929 290 959 335 ll.
1090 286 1122 336 49

627 433 661 472 21.
685 429 726 473 De
740 428 826 472 Solio.

235 502 274 554 μ’
283 514 311 550 ’¹⁵'
349 518 499 575 hunnum
510 522 624 586 Selium,
636 537 738 574 coenae
749 537 808 572 curn
818 524 888 573 retia
897 522 992 585 tendit,

374 599 468 664 accipe,
479 598 538 649 sire
549 596 634 664 legas,
646 597 704 647 sive
713 604 845 663 patronus
855 612 929 663 agas.

308 684 310 691 ·
349 668 448 723 lilleotol
468 669 603 740 graviter!
624 668 693 721 citol
712 668 848 737 nequiter!
868 668 947 737 euge!
968 667 1058 720 beatel

307 730 316 827 l:
373 743 518 799 locvolnil
538 744 626 795 Facta
636 746 742 795 estium
752 746 804 795 tibi
819 759 917 795 coena:
931 752 1001 794 taoe.

594 869 629 910 28.
649 865 680 908 In
695 862 858 910 sentillam.

344 954 426 1011 llideto
436 960 562 1021 multum,
573 959 666 1026 quite,
675 956 798 1022 Sextille‚
809 958 951 1009 cinaedum

370 1034 473 1097 dixerit,
484 1039 513 1085 et
523 1034 637 1101 digitum
648 1033 783 1099 porrigito
794 1032 921 1084 medium.

344 1102 384 1159 lu
393 1122 443 1159 neo
452 1108 571 1175 paedico
582 1122 621 1170 es,
631 1121 681 1157 nec
690 1112 729 1169 tu,
741 1105 863 1170 Sextille,
874 1106 992 1157 fututor:

370 1182 445 1234 ealda
456 1181 620 1233 Vetustillae
630 1196 681 1232 nec
690 1181 742 1231 tibi
752 1182 838 1232 buooa
851 1182 948 1248 placet.

343 1252 440 1309 lliistis
451 1255 522 1308 nihil
533 1271 562 1307 es
572 1254 670 1318 fateor,
683 1253 808 1306 Sextille:
829 1255 895 1322 quid
910 1270 975 1322 ergo
986 1253 1030 1305 esi

369 1329 480 1383 Nescio:
501 1329 550 1382 sed
559 1336 590 1380 tu
600 1330 654 1382 sois
664 1344 708 1380 res
718 1344 857 1395 superesse
868 1330 944 1381 duas.

616 1454 651 1494 29.
675 1450 715 1492 Ad
730 1450 836 1493 Rufum.

342 1541 584 1610 lue‚videsi11um
595 1545 726 1597 subsellia
740 1545 828 1611 prima
838 1550 980 1606 tenentem,

372 1622 445 1673 urias
456 1625 484 1672 et
493 1618 558 1670 hinc
566 1619 640 1671 lueet
649 1618 853 1686 sardonychata
862 1634 970 1669 manus:

341 1707 453 1763 quaeque
463 1695 562 1762 Tyron
576 1695 659 1746 toties
670 1699 815 1762 epotavere
826 1693 960 1756 lacernae,

368 1776 395 1821 et
402 1777 470 1838 toga
479 1784 536 1821 non
546 1774 636 1820 tactas
645 1769 752 1822 vinoun
762 1770 838 1819 iussa
847 1769 936 1817 nives:

341 1845 408 1897 cuns
419 1845 476 1898 olet
485 1848 547 1895 toto
559 1843 667 1911 pinguis
679 1858 758 1894 soma
768 1842 947 1903 Marceliano,

329 1973 333 1984 ,
369 1925 394 1969 et
403 1918 548 1986 splendent
556 1917 634 1968 vulso
644 1916 759 1969 brachia
767 1918 834 1967 trita
844 1917 910 1984 pilo.

338 1989 393 2044 Non
402 1991 530 2045 hesterna
541 1992 618 2043 sedet
626 1992 722 2043 lunata
732 1992 837 2058 lingula
848 1992 950 2057 planta,

370 2069 481 2119 coccina
491 2081 547 2118 non
556 2067 659 2117 laesum
671 2067 757 2133 cingit
767 2067 842 2116 aluta
852 2066 960 2131 pedem3

338 2145 362 2191 et
369 2155 513 2194 numerosa
522 2140 612 2191 linunt
622 2141 775 2192 stellantem
786 2140 891 2207 splenia
905 2139 1029 2190 frontem.

368 2214 480 2284 Ignoras
490 2215 552 2282 quis
561 2213 615 2267 nti
634 2212 831 2283 Spleniatolle‚
845 2215 928 2283 legas.

621 2313 659 2382 Ι11).
680 2339 713 2382 In
730 2339 831 2382 crium.

337 2431 427 2485 ldntua
436 2435 536 2502 viginti
546 2434 673 2485 sestertio
684 2432 755 2484 forto
765 2432 906 2499 rogabam,

371 2524 438 2575 quae
448 2509 492 2560 vel
502 2509 616 2560 donanti
626 2523 681 2558 non
691 2521 773 2574 grave
783 2521 878 2556 murrus
889 2510 960 2555 erat:

235 2614 239 2634 ι
340 2584 431 2650 quippe
440 2584 592 2650 rogabatur
601 2581 721 2649 felixque
731 2587 860 2647 vetusque
870 2579 984 2643 sodalis,

370 2664 395 2708 et
406 2659 484 2710 cuius
494 2658 574 2708 laxas
586 2672 650 2707 arca
660 2655 782 2723 flagellat
792 2670 866 2720 opes.

340 2727 442 2795 lsurihi,
453 2733 530 2784 dives
542 2732 605 2793 eris,
616 2731 641 2782 si
651 2745 748 2781 caussas
759 2728 855 2795 egeris,
865 2727 962 2793 inquit.

371 2805 449 2869 Quod
461 2814 524 2874 peto
536 2805 581 2869 da,
593 2805 656 2856 Gai:
670 2819 726 2857 non
735 2809 799 2871 peto
811 2802 964 2854 consilium.

395 2900 505 2946 Maur.
902 2896 925 2944 D
