2750 3450
437 329 470 380 46
728 332 943 380 maurinus

439 454 503 507 Hoc
516 452 584 507 mihi
596 461 750 523 suspectum
763 461 817 519 est,
831 455 903 522 quod
915 456 974 507 oles
983 456 1067 521 hene,
1078 455 1160 510 Postl

477 603 634 668 Posthnme,
644 619 700 656 non
710 605 778 657 bene
791 605 856 668 olet,
872 606 918 672 qui
928 546 1119 673 hhlrlghhmper
1129 608 1157 660 ol

718 731 752 769 13.
775 727 815 769 Διὶ
830 727 952 770 Sextum.

584 802 620 854 Et
628 803 712 854 iudex
721 805 798 871 petit,
813 809 841 856 et
850 805 919 870 petit
927 809 1071 869 patronus.

585 877 693 942 Solvas,
704 893 811 943 censeo,
822 876 913 941 Sexte,
924 878 1065 929 creditori.

627 993 660 1031 14.
685 989 725 1032 Ad
743 987 894 1032 Paulinum
910 990 942 1031 de
957 987 1045 1032 Sello.

440 1064 486 1116 Nil
495 1065 656 1116 intentet-um
667 1064 766 1129 Selius,
776 1066 816 1116 nil
826 1066 1070 1133 linquitinausum,

477 1135 645 1187 coenandum
664 1142 773 1206 quoties
782 1141 838 1191 iam
848 1141 923 1192 videt
932 1155 990 1192 esse
1001 1140 1087 1191 domi.

442 1215 534 1266 Currit
545 1215 580 1265 ad
589 1215 727 1281 Europen,
738 1220 765 1266 et
773 1221 809 1280 te,
821 1215 954 1278 Paulline,
964 1223 1082 1282 tuosque

477 1289 573 1340 laudat
581 1287 728 1352 Achilleos,
738 1290 786 1341 sed
796 1292 854 1341 sine
866 1291 927 1354 line,
936 1290 1028 1356 pedes.

441 1363 471 1415 Si
481 1363 550 1414 nihil
559 1363 669 1430 Europe
679 1362 753 1427 fecit,
763 1371 820 1415 tum
832 1364 916 1431 Septa
925 1371 1060 1431 petuntur,

233 1483 236 1491 .
256 1494 260 1507 ,
272 1470 273 1480 1
478 1439 504 1489 si
514 1439 579 1505 quid
589 1437 755 1504 Phyllirldes
765 1445 892 1506 praestet,
907 1445 935 1490 et
944 1439 1105 1491 Aesonides.

233 1504 235 1513 '
252 1512 260 1559 Γ
305 1544 308 1555 =
440 1513 1160 1582 HinequoquedeeeptusMemphitioatemplafreqm

479 1588 583 1639 assidet
592 1593 620 1639 et
629 1587 775 1652 cathedris,
786 1596 892 1641 moeste
900 1590 1024 1650 iuvenca,
1033 1588 1100 1640 tuis.

440 1662 507 1713 lnde
517 1665 586 1730 petit
595 1670 702 1714 eentum
712 1665 859 1731 pendentia
867 1670 942 1716 tecta
952 1664 1087 1716 columnis

478 1739 556 1789 illine
565 1739 690 1806 Pompeii
701 1740 783 1803 done,
793 1755 940 1806 nemusque
952 1739 1059 1805 duplex.

441 1812 499 1864 Nee
507 1813 652 1865 Fortunati
662 1816 774 1881 spernit,
784 1831 835 1868 nee
844 1816 944 1866 balnea
952 1815 1058 1878 Fausti,

478 1904 529 1939 nee
539 1888 631 1956 Grylli
639 1891 775 1954 tenebras,
785 1891 964 1957 Aeoliamque
973 1888 1055 1955 Lupi.

441 1961 511 2014 Nam
522 1962 634 2015 thermis
644 1965 743 2015 iterum
753 1966 858 2016 eunetis
869 1966 1019 2031 iterumque
1029 1964 1149 2019 lavatur.

479 2038 578 2089 Omnia
589 2054 648 2089 eum
659 2036 733 2101 feeit,
744 2039 793 2090 sed
802 2044 931 2090 renuente
942 2041 1008 2101 deo;
1150 2033 1153 2040 ’

441 2112 514 2163 lotus
525 2113 560 2163 ad
570 2111 695 2178 Europes
704 2113 814 2179 tepidae
823 2114 925 2165 buxeta
933 2114 1057 2177 reemnit,

479 2188 503 2238 si
513 2188 574 2254 quis
583 2187 624 2238 ibi
632 2202 722 2238 serum
732 2193 827 2255 carpat
837 2190 939 2240 amicus
949 2190 1009 2240 iter.

441 2260 494 2312 Per
503 2267 539 2325 te,
549 2276 651 2328 perque
660 2266 745 2325 tuam,
758 2269 852 2314 vector
860 2263 971 2327 lascive,
983 2261 1112 2330 puellam,

479 2336 514 2387 ad
525 2351 638 2387 coenam
648 2334 750 2388 Selium
759 2343 798 2401 tu,
808 2354 887 2406 rogo,
898 2339 997 2400 Teate,
1007 2352 1086 2388 voca.

721 2447 754 2485 15.
777 2442 809 2485 Ia
824 2444 956 2487 Hermum.

571 2516 653 2578 Quod
662 2519 731 2569 nulli
741 2519 853 2571 calicem
864 2526 939 2571 tuum
948 2520 1088 2587 propinas,

572 2590 687 2646 humane
696 2593 775 2658 facis,
785 2595 895 2659 llerme,
905 2611 961 2646 nou
971 2594 1096 2661 superbe.

727 2703 761 2743 1⁶.
785 2692 816 2743 In
835 2697 952 2742 Zoilum.

302 2748 307 2807 ,ss
441 2772 504 2826 zon
614 2778 685 2825 otat:
706 2775 811 2827 facium
819 2775 890 2828 hano
899 2776 1022 2843 stragula
1031 2775 1145 2829 febrem.

238 2850 254 2925 ζ
265 2844 272 2917 ⁴,
363 2785 703 3051 Moenus,
715 2852 828 2902 coccina
837 2851 902 2920 quid
914 2850 1032 2903 laeientl
