2750 3450
335 424 367 473 38
622 422 834 470 mammas

335 553 411 601 exuit
421 565 526 601 annosa
536 563 624 598 mores
634 562 786 613 nomenque
796 551 917 607 senecta3
939 572 942 576 ·

373 632 407 688 et,
420 623 551 692 quidquid
562 623 657 685 voluit,
668 628 739 672 testa
749 627 863 672 vocatur
873 634 948 670 anus.

612 729 659 769 1⁰¹1·
684 725 725 767 Ad
739 725 846 766 Rufum.

425 819 578 887 Interponis
589 835 687 887 aquam
697 818 819 880 subinde,
832 815 911 880 Rufe,

427 895 488 944 etsi
498 895 604 961 cogeris
614 909 631 946 a
640 894 746 957 sodale,
756 907 848 944 raram

427 969 507 1018 diluti
517 969 589 1018 bibis
601 969 707 1019 nuciam
716 967 836 1018 Falerni.

426 1042 563 1109 Numquid
574 1041 699 1108 pollicita
708 1041 809 1091 esttibi
821 1040 928 1090 beatam

427 1124 533 1168 noctem
544 1116 657 1179 Naevia,
672 1115 833 1181 sobriasque
847 1114 934 1164 mavis

427 1198 517 1242 certae
526 1191 662 1258 nequitias
671 1187 832 1240 intutionisi

427 1263 562 1330 suspiras,
578 1265 684 1327 retices,
698 1264 798 1331 gemis:
818 1262 935 1328 negarit.

426 1339 542 1389 Crebros
553 1353 617 1404 ergo
627 1339 707 1389 bibas
717 1338 783 1388 licet
790 1337 913 1399 trientes,

427 1419 455 1463 et
465 1413 558 1462 durum
569 1412 675 1479 iugules
685 1427 760 1463 mero
771 1411 911 1478 pudorem.

427 1486 499 1548 Quid
509 1487 599 1552 parcis
608 1487 669 1550 tibi,
679 1484 766 1537 Rufei
789 1482 984 1536 Dormiendum
996 1494 1046 1536 est

548 1602 594 1640 ¹08.
622 1597 661 1640 Ad
677 1598 792 1640 Lucium
806 1594 914 1638 lulium.

338 1689 501 1757 Saepemihi
511 1691 588 1755 dicis,
604 1690 674 1744 Luci
683 1690 834 1743 clarissime
843 1686 904 1751 iuli,

375 1767 462 1816 scribe
474 1766 578 1832 aliquid
588 1782 728 1835 magnum:
739 1764 894 1816 desidiosus
904 1760 986 1813 homo
997 1779 1036 1815 es.

337 1840 402 1889 Otia
412 1842 448 1890 da
457 1842 549 1902 uobis3
569 1842 617 1893 sed
628 1842 722 1908 qualia
731 1840 834 1891 iecerat
844 1838 908 1888 olim

373 1914 518 1967 Maecenas
528 1915 629 1967 Flacco
640 1914 811 1981 Virgilioqne
826 1928 889 1963 suo:

337 1990 454 2040 condere
467 1991 586 2040 victiuas
595 1996 696 2042 tentem
706 2004 755 2053 per
764 1985 856 2036 secula
866 1984 983 2047 chartus,

375 2071 402 2114 et
410 2079 509 2114 nomen
520 2063 635 2115 flammis
645 2062 778 2128 eripuisse
787 2075 884 2110 meum.

338 2136 368 2187 ln
379 2138 484 2189 steriles
498 2152 608 2203 campos
618 2136 716 2187 nolunt
724 2136 790 2201 iuga
799 2133 868 2184 ferre
878 2132 998 2185 iuvenci:

374 2213 473 2278 pingue
482 2210 570 2263 solum
581 2211 676 2272 lassat,
686 2210 733 2260 sed
744 2210 820 2259 iuvat
828 2210 888 2275 ipse
896 2208 985 2259 labor.

608 2317 655 2357 rob.
680 2314 720 2354 Ad
741 2312 858 2356 Gallum.

339 2411 388 2459 Est
396 2409 456 2472 tibi,
467 2410 556 2475 sitque
565 2422 671 2473 precor,
681 2407 782 2458 multos
792 2414 949 2473 crescatque
958 2422 1006 2473 per
1017 2421 1117 2473 annos,

376 2481 487 2550 pulchra
498 2482 615 2550 quidem,
629 2497 721 2533 rernm
731 2481 937 2532 Transtiberina
947 2481 1055 2534 domus.

340 2560 372 2608 dt
382 2573 442 2608 mea
452 2556 588 2624 Vipsanas
598 2562 723 2623 spectant
732 2555 880 2608 coenacula
889 2554 995 2606 laurus:

375 2632 463 2683 iactus
473 2633 502 2683 in
512 2630 564 2682 hac
574 2646 625 2699 ego
635 2647 695 2682 sum
704 2632 759 2681 iam
770 2631 881 2698 regione
891 2645 981 2681 senex.

339 2705 511 2774 Migrandum
522 2711 572 2769 est,
583 2712 612 2757 ut
621 2721 700 2757 mene
710 2705 785 2756 domi
794 2710 830 2765 te,
845 2702 933 2767 Galle,
944 2704 1075 2757 salutem:

376 2789 418 2832 est
426 2782 505 2842 tanti,
516 2781 558 2831 vel
569 2782 593 2831 si
603 2780 712 2848 longius
721 2780 771 2830 iiia
784 2777 863 2829 foret.

341 2854 393 2905 Sed
403 2856 456 2907 tibi
465 2872 520 2906 non
530 2855 643 2906 multum
653 2859 703 2916 est,
713 2868 794 2903 unum
805 2854 829 2904 si
840 2856 950 2918 praesto
959 2857 1101 2920 togatum

370 2931 485 2982 mustum
496 2937 546 2995 est,
557 2928 629 2983 bunc
639 2943 723 2982 uuum
733 2928 757 2980 si
767 2925 847 2991 mibi,
860 2925 1043 2992 Gaiiemego.
