2750 3450
295 356 343 409 356
581 358 799 407 munaldus

582 481 618 521 ³⁰.
642 477 797 522 Venabula.

295 572 439 638 Excipient
448 570 538 638 dpron,
550 573 798 638 exspectabuntqne
807 573 917 625 leones:

330 647 471 698 intrabunt
480 662 568 709 ursos,
579 649 616 697 sit
626 647 709 698 modo
721 647 799 698 firma
808 663 915 701 manue.

512 772 547 810 ³1.
573 765 672 810 Culter
688 770 863 812 venatoriuc.

295 862 325 914 Si
335 864 442 915 deiecta
451 875 542 927 gemes
554 860 637 928 longo
649 861 784 912 venabulo
792 868 900 915 rostror

331 936 376 989 hio
385 937 475 989 brevis
485 937 515 987 in
523 937 653 1004 grandem
665 937 788 988 cominus
796 937 849 989 ibit
859 953 967 1005 aprum.

553 1061 588 1100 32.
613 1058 811 1100 Parazonium.

293 1154 412 1205 Militiae
424 1153 505 1203 decus
515 1149 577 1214 hoc,
588 1157 616 1202 et
624 1153 697 1218 grati
707 1168 806 1203 nomen
815 1150 941 1218 honorlo,

332 1244 408 1279 arola
418 1226 589 1278 tribunitium
600 1227 708 1293 cingere
719 1228 802 1294 digno
810 1227 892 1280 latus.

611 1334 646 1373 3³.
672 1333 767 1383 Pugio.

293 1425 390 1493 Pugio,
401 1440 480 1493 quem
491 1425 581 1477 curvis
590 1425 681 1492 signat
690 1425 780 1477 brevio
791 1426 882 1477 orbita
890 1431 979 1492 venio,

330 1502 487 1552 stridentem
497 1500 597 1568 gelidis
606 1498 677 1551 hunc
688 1499 754 1552 Salo
765 1501 848 1552 tinxit
857 1502 948 1570 aquie-

548 1609 584 1648 ³4.
607 1604 682 1646 Falx
701 1619 736 1646 ex
754 1618 827 1647 enne.

293 1701 352 1753 Pax
362 1714 404 1751 me
415 1705 489 1752 certa
499 1699 576 1752 ducis
586 1698 712 1766 placidos
723 1699 845 1751 curvavit
853 1699 883 1751 in
892 1715 968 1754 unus.

331 1776 474 1843 Agricolae
485 1791 556 1826 nunc
565 1790 633 1837 sum,
644 1774 740 1825 militie
751 1779 814 1826 aute
823 1773 873 1826 fni.

574 1883 608 1923 ³5.
632 1878 807 1922 Securicula.

293 1976 359 2025 Cum
370 1975 448 2025 fieret
456 1974 544 2025 tristis
555 1973 693 2025 solvendis
705 1974 796 2024 auctio
806 1975 932 2038 nummio,

330 2049 398 2100 haec
409 2048 614 2116 quadringentis
624 2048 747 2098 millibus
757 2053 827 2098 emta
838 2047 899 2100 init.

486 2156 522 2196 36.
549 2152 736 2195 Ferramenta
754 2155 892 2195 tonsoria.

293 2247 452 2298 Tondendis
462 2244 531 2298 hoec
540 2262 616 2297 arma
625 2247 677 2297 tibi
686 2251 750 2296 sunt
760 2252 825 2312 apta
834 2246 956 2313 capillint

329 2324 465 2389 unguibus
474 2320 543 2373 haec
552 2322 642 2388 longis
651 2320 742 2383 utilio3
756 2322 807 2371 illa
818 2322 904 2388 genis.

584 2428 618 2469 31.
643 2425 790 2468 Scrinium.

368 2520 538 2572 constrictos
547 2520 601 2570 nisi
611 2520 661 2571 dae
670 2518 739 2570 mihi
748 2519 868 2584 libellos,

366 2597 508 2646 admittam
518 2597 607 2645 tineas
617 2600 761 2660 trucesque
772 2595 884 2647 blattae.

505 2703 539 2742 38.
563 2699 670 2741 Fauces
691 2697 866 2741 calamorum.

294 2793 348 2843 Dat
358 2789 458 2844 chartis
469 2792 575 2845 habiles
586 2794 708 2845 calamos
717 2792 897 2859 Memphitica
905 2795 1002 2847 tellure

329 2871 455 2917 texantur
463 2868 570 2937 reliqua
578 2873 652 2920 tecta
662 2869 763 2935 palude
773 2869 834 2920 tibi.
