2750 3450
380 338 700 406 Emonamimrum
727 360 797 405 nro.
816 360 848 407 rc

313 480 413 532 Omnes
423 480 573 548 Sulpiciam
583 481 675 549 legant
684 483 786 547 mariti,

312 557 360 606 uni
371 557 416 622 qui
428 557 538 622 cupiunt
548 554 656 622 placere
666 562 775 623 nuptae.

312 628 375 682 Non
385 628 453 681 haec
464 625 612 681 Colchidos
623 629 858 694 meditatorem,

313 705 368 755 diri
377 705 494 770 prandia
503 719 553 754 nec
563 703 647 755 refert
656 704 808 771 Thyestae3

314 776 445 845 Scyllam,
455 777 577 844 Byblida
587 794 637 830 nec
645 778 731 830 fuisse
741 780 841 831 credit=

313 853 362 904 aed
373 859 464 904 castos
475 853 556 904 docet
565 857 592 903 et
601 854 663 919 pios
674 869 791 918 amores,

310 927 396 990 lusus,
407 927 531 990 delicias,
541 927 718 994 facetiaeque.

313 1002 396 1053 Cuius
407 1003 529 1053 carmina
539 1003 586 1069 qui
596 1002 664 1053 bene
675 1003 836 1067 aestimarit,

312 1077 415 1128 nullam
427 1077 527 1128 dixerit
537 1091 596 1128 esse
605 1076 773 1143 nequiorem,

312 1152 414 1202 nnllam
426 1151 527 1203 dixerit
535 1166 596 1203 esse
606 1152 781 1205 sanctiorem.

313 1226 396 1276 Tales
406 1225 522 1292 Egeriae
531 1226 610 1276 iocos
620 1225 706 1277 fuisse
913 1289 917 1299 Ι

311 1301 367 1352 udo
378 1301 538 1360 crediderim
549 1299 655 1352 Numae
665 1301 718 1352 snb·
728 1308 817 1354 antro

312 1375 375 1427 Hac
385 1375 574 1442 condiscipula
582 1376 626 1427 vel
636 1373 688 1426 hac
697 1377 828 1444 magistra

313 1466 386 1502 esses
397 1450 507 1501 doctior
516 1455 544 1501 et
553 1450 662 1516 pudica,
674 1448 794 1517 Sappho.

312 1525 365 1576 Sed
375 1529 464 1576 tecum
474 1525 577 1590 pariter
587 1524 722 1592 simulque
731 1525 819 1576 visam

312 1601 395 1651 durus
406 1598 556 1665 Sulpiciam
566 1597 663 1651 Phaon
673 1605 786 1650 amaret.

311 1675 438 1727 Frustra:
453 1689 570 1741 namque
580 1688 614 1725 ea
622 1688 673 1725 nec
683 1673 818 1725 Tonantio
828 1689 908 1739 uxor,

312 1766 363 1802 nec
371 1747 484 1813 Bacchi,
494 1766 544 1801 nec
553 1748 690 1815 Apollinis
699 1748 792 1815 puella

313 1831 406 1892 erepto
417 1825 471 1877 sibi
480 1826 584 1877 viveret
593 1823 706 1876 Caleno.

494 1966 528 2006 36·
552 1962 584 2005 ln
601 1963 736 2005 Mannum.

265 2058 349 2125 proba
358 2057 501 2108 Massiliae
514 2056 647 2125 quidquid
656 2056 775 2108 firmana
785 2062 894 2123 cogant,

265 2134 359 2198 accipit
369 2137 485 2183 aetatem
497 2133 621 2199 quisquis
632 2132 666 2183 ab
676 2133 739 2199 igne
750 2130 842 2194 cadus,

265 2223 283 2270 e,
293 2206 405 2271 Munna,
415 2208 502 2258 venit:
517 2208 625 2259 miseris
634 2212 665 2257 tu
677 2206 764 2258 mittis
774 2206 870 2257 amicis

265 2297 307 2348 per
316 2280 396 2345 freta,
407 2296 456 2347 per
465 2282 562 2349 longas
572 2283 667 2334 toxica
676 2295 760 2332 saeva
769 2280 842 2332 vias:

265 2355 359 2407 :facili
368 2356 467 2421 pretio,
477 2356 525 2407 aed
538 2371 592 2422 quo
604 2361 732 2407 contenta
740 2354 850 2405 Falerni

265 2438 330 2482 :esta
339 2431 384 2493 sit,
395 2435 443 2480 arat
452 2430 529 2482 celiis
539 2428 615 2482 Setia
625 2445 691 2481 cara
703 2430 769 2480 suis.

267 2521 282 2555 n
293 2506 388 2556 venias
399 2520 482 2572 quare
491 2510 548 2555 tarn
557 2503 641 2571 longo
651 2508 774 2570 tempore
783 2500 910 2568 Romam,

265 2581 327 2632 iaec
336 2584 402 2647 puto
414 2594 498 2631 causa
506 2580 559 2631 tibi
568 2584 619 2642 cst,
628 2593 662 2629 nc
672 2582 721 2628 tua
730 2577 795 2628 vina
803 2575 892 2630 bibas.

474 2704 509 2743 31.
534 2700 572 2743 Ad
591 2700 756 2743 Maternum.

265 2795 292 2846 is
303 2800 331 2845 et
341 2809 489 2862 aequarum
500 2794 588 2846 cultor
598 2794 770 2845 sanctissime
778 2793 878 2861 legam,

265 2869 381 2921 veridico
392 2867 502 2924 Latium
514 2870 561 2937 qni
569 2870 643 2938 regis
654 2884 702 2922 ore
711 2867 815 2922 forami

289 2963 399 3010 Mser·
793 2961 820 3007 Ἀ
1008 2945 1068 3043 Ι
