2750 3450
381 348 703 399 EPiGRAMMA'l'UM
722 351 791 399 ΗΒ.
812 352 842 398 V.
961 348 1010 403 131

262 475 349 541 isquis
360 489 459 542 magna
469 475 554 538 dedit,
562 475 651 527 voluit
659 475 714 526 sibi
723 490 823 544 magna
832 477 947 528 remitti:

261 549 385 601 iotilibus
395 550 497 600 nostris
507 556 670 601 exoneratus
683 551 745 601 eris.
1069 538 1078 569 ‘

456 658 491 698 60.
515 654 555 696 Ad
575 655 773 698 detractorem.

308 731 426 784 Allotres
436 731 501 782 licet
510 746 595 797 nsque
605 745 656 781 nos
666 735 694 780 et
702 746 797 797 usque,

310 813 337 858 et
346 806 502 874 gannitibus
510 806 643 872 improbis
657 804 791 857 lacessas:

311 888 412 932 certum
423 887 464 931 est
473 878 543 931 hanc
552 880 605 930 tibi
614 895 763 946 pernegare
775 879 885 943 famum,

312 956 377 1006 olim
388 970 469 1022 quam
479 956 550 1020 petis
560 956 589 1004 in
598 955 667 1004 meis
677 954 788 1018 libellis,

311 1031 505 1097 qualiscumque
515 1029 617 1096 legaris
627 1034 656 1079 ut
666 1044 715 1094 per
725 1030 827 1081 orbem.

310 1103 333 1155 N
337 1120 379 1155 am
390 1110 417 1155 te
428 1120 476 1155 cur
486 1104 586 1171 uliquis
595 1105 666 1154 sciat
674 1102 777 1155 fuisset

310 1179 422 1246 Ignotus
432 1194 536 1246 pereas,
547 1179 639 1241 miser,
649 1172 759 1229 necesse
769 1186 818 1230 est.

310 1253 333 1305 N
337 1269 372 1305 on
383 1254 495 1305 deerunt
502 1258 594 1304 tamen
604 1252 656 1304 hec
663 1254 693 1303 in
703 1254 769 1304 urbe
778 1253 872 1306 forsan

309 1344 388 1391 rmus,
397 1329 440 1379 vel
450 1329 514 1391 duo,
523 1334 621 1391 tresve,
632 1334 791 1395 quatuorve,

310 1403 408 1469 pellem
418 1403 515 1454 rodere
526 1405 572 1470 qui
582 1403 666 1454 velint
675 1404 810 1454 cuninam.

309 1476 367 1528 Nos
377 1476 429 1528 hac
440 1493 456 1528 a
466 1477 558 1531 scabie
568 1485 690 1528 tenemus
703 1494 814 1546 ungues.

326 1632 331 1636 ,
476 1584 509 1624 tl.
532 1580 564 1623 In
583 1581 747 1623 Marianum.

265 1655 359 1721 epulus
370 1648 493 1724 iste'quis
503 1662 553 1719 est,
563 1657 644 1708 uxori
655 1673 761 1724 semper
771 1655 901 1709 adhaeret

263 1732 311 1797 lui,
324 1730 457 1794 Marione,
467 1731 548 1783 tuaei
572 1732 707 1798 crispulus
718 1734 770 1783 iste
781 1734 841 1800 quis
852 1731 909 1785 esti

263 1806 311 1857 nio
323 1807 388 1873 quid
399 1807 526 1858 dominae
536 1812 655 1857 teneram
666 1808 713 1874 qui
723 1809 809 1874 garrit
818 1808 846 1858 in
857 1823 958 1870 aurern,

263 1886 281 1931 rt
291 1880 386 1932 sellam
399 1881 490 1933 cubito
501 1882 655 1932 dexteriore
666 1880 780 1947 premit?

275 1955 352 2006 errius
367 1956 469 2023 digitos
480 1956 565 2006 currit
574 1956 642 2006 levis
652 1957 767 2007 annulus
780 1955 888 2009 omnesi

263 2044 335 2081 :rura
344 2030 416 2096 gerit
425 2030 500 2080 nullo
512 2031 559 2097 qui
569 2030 675 2082 violata
686 2031 763 2097 pilot

274 2102 343 2153 mihi
353 2104 518 2170 respondesi
537 2105 637 2157 Uxoris
646 2122 691 2157 res
706 2107 772 2174 agit,
782 2107 882 2173 inquis,

264 2183 306 2228 ste
316 2192 407 2228 mene:
422 2193 488 2230 sone
500 2186 588 2231 certus
598 2186 625 2231 et
637 2196 718 2247 usper
727 2180 809 2233 homo
823 2188 872 2242 est,

264 2259 423 2304 ¹curatorem
433 2254 510 2306 uoltu
519 2257 566 2322 qni
576 2254 713 2322 praeierat
721 2257 799 2322 ipso:

263 2328 347 2378 terior
356 2325 410 2379 hoc
420 2326 503 2381 Chius
511 2345 566 2381 non
576 2336 636 2381 erut
644 2331 778 2381 Aufidium.

264 2418 334 2469 [uam
345 2402 443 2470 dignus
453 2419 514 2455 eras
526 2405 624 2470 alapis,
634 2404 770 2467 Marione,
784 2405 892 2455 diutini:

264 2493 281 2528 e
292 2493 480 2529 successurum
491 2479 573 2530 credo
585 2494 635 2546 ego
646 2478 808 2531 Panniculo.

264 2569 268 2603 ι
279 2553 377 2603 uxoris
387 2551 460 2619 ogiti
480 2568 524 2605 res
533 2554 622 2606 nullus
634 2554 770 2619 crispulus
779 2556 843 2605 iste:

264 2642 297 2678 es
307 2642 364 2678 nou
374 2628 478 2690 uxoris,
490 2643 533 2680 res
544 2629 601 2696 ugit
611 2629 665 2679 iste
675 2634 747 2679 tuas.

485 2718 519 2758 62.
544 2714 583 2758 Ao
604 2715 742 2771 hospites.

264 2789 337 2833 etuo
348 2782 450 2834 nostris
458 2781 569 2838 monens
580 2785 655 2853 lieet,
666 2784 941 2859 hospesdnnortis,

264 2855 600 2927 r'potesr'nnudoponere
613 2867 843 2924 membrasoios
1108 2845 1119 2952 J

798 2966 809 3011 i
818 2968 838 3010 *2
