<?xml version="1.0" encoding="UTF-8"?>
<!DOCTYPE html PUBLIC "-//W3C//DTD XHTML 1.0 Transitional//EN"
    "http://www.w3.org/TR/xhtml1/DTD/xhtml1-transitional.dtd">
<html xmlns="http://www.w3.org/1999/xhtml" xml:lang="en" lang="en">
 <head>
  <title>
</title>
<meta http-equiv="Content-Type" content="text/html;charset=utf-8" />
  <meta name='ocr-system' content='tesseract 3.04.00' />
  <meta name='ocr-capabilities' content='ocr_page ocr_carea ocr_par ocr_line ocrx_word'/>
</head>
<body>
  <div class='ocr_page' id='page_1' title='image "./mvaleriimartial03martgoog_0059.png"; bbox 0 0 2750 3450; ppageno 0'>
   <div class='ocr_carea' id='block_1_1' title="bbox 328 366 828 417">
    <p class='ocr_par' dir='ltr' id='par_1_1' title="bbox 328 366 828 417">
     <span class='ocr_line' id='line_1_1' title="bbox 328 366 828 417; baseline -0.006 0"><span class='ocrx_word' id='word_1_1' title='bbox 328 367 361 417; x_wconf 80' lang='lat'>50</span> <span class='ocrx_word' id='word_1_2' title='bbox 618 366 828 414; x_wconf 65' lang='lat' dir='ltr'>Marinianis</span> 
     </span>
    </p>
   </div>
   <div class='ocr_carea' id='block_1_2' title="bbox 585 496 861 539">
    <p class='ocr_par' dir='ltr' id='par_1_2' title="bbox 585 496 861 539">
     <span class='ocr_line' id='line_1_2' title="bbox 585 496 861 539; baseline 0.007 -2"><span class='ocrx_word' id='word_1_3' title='bbox 585 499 620 539; x_wconf 80' lang='lat'>31.</span> <span class='ocrx_word' id='word_1_4' title='bbox 645 496 684 537; x_wconf 79' lang='lat' dir='ltr'>Ad</span> <span class='ocrx_word' id='word_1_5' title='bbox 701 496 861 539; x_wconf 74' lang='lat' dir='ltr'>bissianum.</span> 
     </span>
    </p>
   </div>
   <div class='ocr_carea' id='block_1_3' title="bbox 328 588 1128 805">
    <p class='ocr_par' dir='ltr' id='par_1_3' title="bbox 328 588 1128 805">
     <span class='ocr_line' id='line_1_3' title="bbox 328 588 1128 677; baseline 0.003 -36"><span class='ocrx_word' id='word_1_6' title='bbox 328 590 416 657; x_wconf 80' lang='lat' dir='ltr'>Saepe</span> <span class='ocrx_word' id='word_1_7' title='bbox 444 605 496 657; x_wconf 81' lang='lat' dir='ltr'>ego</span> <span class='ocrx_word' id='word_1_8' title='bbox 521 588 693 640; x_wconf 81' lang='lat' dir='ltr'>Chrestillans</span> <span class='ocrx_word' id='word_1_9' title='bbox 718 589 798 641; x_wconf 82' lang='lat' dir='ltr'>futui.</span> <span class='ocrx_word' id='word_1_10' title='bbox 853 588 909 677; x_wconf 81' lang='lat' dir='ltr'>Det</span> <span class='ocrx_word' id='word_1_11' title='bbox 939 607 1027 658; x_wconf 78' lang='lat' dir='ltr'>qaam</span> <span class='ocrx_word' id='word_1_12' title='bbox 1053 593 1128 657; x_wconf 77' lang='lat' dir='ltr'>bne,</span> 
     </span>
     <span class='ocr_line' id='line_1_4' title="bbox 366 664 941 805; baseline -0.003 -15"><span class='ocrx_word' id='word_1_13' title='bbox 366 738 454 805; x_wconf 88' lang='lat' dir='ltr'>Supra</span> <span class='ocrx_word' id='word_1_14' title='bbox 465 738 537 805; x_wconf 87' lang='lat' dir='ltr'>qnod</span> <span class='ocrx_word' id='word_1_15' title='bbox 548 738 607 789; x_wconf 86' lang='lat' dir='ltr'>fieri</span> <span class='ocrx_word' id='word_1_16' title='bbox 617 738 667 800; x_wconf 72' lang='lat' dir='ltr'>nil,</span> <span class='ocrx_word' id='word_1_17' title='bbox 675 737 811 801; x_wconf 83' lang='lat' dir='ltr'>Mariano,</span> <span class='ocrx_word' id='word_1_18' title='bbox 816 664 941 805; x_wconf 44' lang='lat' dir='ltr'>‘mei</span> 
     </span>
    </p>
   </div>
   <div class='ocr_carea' id='block_1_4' title="bbox 596 858 855 901">
    <p class='ocr_par' dir='ltr' id='par_1_4' title="bbox 596 858 855 901">
     <span class='ocr_line' id='line_1_5' title="bbox 596 858 855 901; baseline -0.004 0"><span class='ocrx_word' id='word_1_19' title='bbox 596 862 631 901; x_wconf 74' lang='lat'>³2,</span> <span class='ocrx_word' id='word_1_20' title='bbox 654 858 685 900; x_wconf 89' lang='lat' dir='ltr'>In</span> <span class='ocrx_word' id='word_1_21' title='bbox 700 859 855 901; x_wconf 81' lang='lat' dir='ltr'>Ponticum.</span> 
     </span>
    </p>
   </div>
   <div class='ocr_carea' id='block_1_5' title="bbox 327 951 1127 1616">
    <p class='ocr_par' dir='ltr' id='par_1_5' title="bbox 327 951 1126 1020">
     <span class='ocr_line' id='line_1_6' title="bbox 327 951 1126 1020; baseline 0.004 -15"><span class='ocrx_word' id='word_1_22' title='bbox 327 954 377 1005; x_wconf 87' lang='lat' dir='ltr'>Lis</span> <span class='ocrx_word' id='word_1_23' title='bbox 388 952 455 1004; x_wconf 76' lang='lat' dir='ltr'>milri</span> <span class='ocrx_word' id='word_1_24' title='bbox 466 953 621 1005; x_wconf 75' lang='lat' dir='ltr'>carinBalbo</span> <span class='ocrx_word' id='word_1_25' title='bbox 631 958 684 1015; x_wconf 83' lang='lat' dir='ltr'>est3</span> <span class='ocrx_word' id='word_1_26' title='bbox 694 952 844 1003; x_wconf 86' lang='lat' dir='ltr'>tuBolbum</span> <span class='ocrx_word' id='word_1_27' title='bbox 856 951 999 1005; x_wconf 83' lang='lat' dir='ltr'>offendere</span> <span class='ocrx_word' id='word_1_28' title='bbox 1009 972 1068 1008; x_wconf 89' lang='lat' dir='ltr'>non</span> <span class='ocrx_word' id='word_1_29' title='bbox 1078 958 1126 1020; x_wconf 80' lang='lat' dir='ltr'>vis,</span> 
     </span>
    </p>

    <p class='ocr_par' dir='ltr' id='par_1_6' title="bbox 365 1025 1127 1153">
     <span class='ocr_line' id='line_1_7' title="bbox 365 1025 1127 1098; baseline -0.001 -18"><span class='ocrx_word' id='word_1_30' title='bbox 365 1029 492 1080; x_wconf 81' lang='lat' dir='ltr'><strong>Pontice:</strong></span> <span class='ocrx_word' id='word_1_31' title='bbox 512 1045 571 1080; x_wconf 86' lang='lat' dir='ltr'>eum</span> <span class='ocrx_word' id='word_1_32' title='bbox 586 1028 685 1079; x_wconf 83' lang='lat' dir='ltr'><strong>Licino</strong></span> <span class='ocrx_word' id='word_1_33' title='bbox 695 1032 750 1090; x_wconf 92' lang='lat' dir='ltr'>est;</span> <span class='ocrx_word' id='word_1_34' title='bbox 770 1025 815 1078; x_wconf 91' lang='lat' dir='ltr'>hie</span> <span class='ocrx_word' id='word_1_35' title='bbox 825 1042 933 1094; x_wconf 83' lang='lat' dir='ltr'>quoquo</span> <span class='ocrx_word' id='word_1_36' title='bbox 943 1045 1068 1098; x_wconf 77' lang='lat' dir='ltr'>maganus</span> <span class='ocrx_word' id='word_1_37' title='bbox 1080 1029 1127 1083; x_wconf 84' lang='lat' dir='ltr'>ho·</span> 
     </span>
     <span class='ocr_line' id='line_1_8' title="bbox 817 1107 927 1153; baseline 0.009 -2"><span class='ocrx_word' id='word_1_38' title='bbox 817 1118 863 1153; x_wconf 86' lang='lat' dir='ltr'>mo</span> <span class='ocrx_word' id='word_1_39' title='bbox 877 1107 927 1153; x_wconf 85' lang='lat' dir='ltr'>est.</span> 
     </span>
    </p>

    <p class='ocr_par' dir='ltr' id='par_1_7' title="bbox 329 1175 1030 1305">
     <span class='ocr_line' id='line_1_9' title="bbox 329 1175 1030 1244; baseline 0.001 -14"><span class='ocrx_word' id='word_1_40' title='bbox 329 1178 418 1230; x_wconf 84' lang='lat' dir='ltr'>Vexat</span> <span class='ocrx_word' id='word_1_41' title='bbox 428 1192 509 1242; x_wconf 81' lang='lat' dir='ltr'>saepe</span> <span class='ocrx_word' id='word_1_42' title='bbox 520 1193 607 1227; x_wconf 81' lang='lat' dir='ltr'>menni</span> <span class='ocrx_word' id='word_1_43' title='bbox 619 1175 755 1229; x_wconf 81' lang='lat' dir='ltr'><strong>Patrobas</strong></span> <span class='ocrx_word' id='word_1_44' title='bbox 765 1177 880 1229; x_wconf 75' lang='lat' dir='ltr'>confine</span> <span class='ocrx_word' id='word_1_45' title='bbox 890 1177 1030 1244; x_wconf 80' lang='lat' dir='ltr'>agellum:</span> 
     </span>
     <span class='ocr_line' id='line_1_10' title="bbox 367 1251 888 1305; baseline -0.006 -1"><span class='ocrx_word' id='word_1_46' title='bbox 367 1264 462 1303; x_wconf 85' lang='lat' dir='ltr'>contra</span> <span class='ocrx_word' id='word_1_47' title='bbox 471 1252 598 1302; x_wconf 86' lang='lat' dir='ltr'>libertum</span> <span class='ocrx_word' id='word_1_48' title='bbox 610 1251 737 1303; x_wconf 84' lang='lat' dir='ltr'>Caesaris</span> <span class='ocrx_word' id='word_1_49' title='bbox 749 1252 790 1305; x_wconf 87' lang='lat' dir='ltr'>ire</span> <span class='ocrx_word' id='word_1_50' title='bbox 799 1253 888 1303; x_wconf 86' lang='lat' dir='ltr'>times.</span> 
     </span>
    </p>

    <p class='ocr_par' dir='ltr' id='par_1_8' title="bbox 328 1325 992 1467">
     <span class='ocr_line' id='line_1_11' title="bbox 328 1325 992 1397; baseline -0.003 -19"><span class='ocrx_word' id='word_1_51' title='bbox 328 1330 451 1394; x_wconf 83' lang='lat' dir='ltr'>Abnegat</span> <span class='ocrx_word' id='word_1_52' title='bbox 461 1331 488 1377; x_wconf 93' lang='lat' dir='ltr'>et</span> <span class='ocrx_word' id='word_1_53' title='bbox 497 1326 595 1377; x_wconf 85' lang='lat' dir='ltr'>retinet</span> <span class='ocrx_word' id='word_1_54' title='bbox 603 1331 725 1377; x_wconf 84' lang='lat' dir='ltr'>nostrum</span> <span class='ocrx_word' id='word_1_55' title='bbox 736 1325 860 1378; x_wconf 80' lang='lat' dir='ltr'>Laronia</span> <span class='ocrx_word' id='word_1_56' title='bbox 868 1340 992 1397; x_wconf 79' lang='lat' dir='ltr'>servum.</span> 
     </span>
     <span class='ocr_line' id='line_1_12' title="bbox 365 1394 949 1467; baseline -0.007 -14"><span class='ocrx_word' id='word_1_57' title='bbox 365 1401 524 1467; x_wconf 76' lang='lat' dir='ltr'>respondes,</span> <span class='ocrx_word' id='word_1_58' title='bbox 535 1400 602 1451; x_wconf 85' lang='lat' dir='ltr'>orba</span> <span class='ocrx_word' id='word_1_59' title='bbox 613 1408 662 1464; x_wconf 88' lang='lat' dir='ltr'>est,</span> <span class='ocrx_word' id='word_1_60' title='bbox 673 1400 759 1465; x_wconf 90' lang='lat' dir='ltr'>dives,</span> <span class='ocrx_word' id='word_1_61' title='bbox 769 1416 848 1462; x_wconf 82' lang='lat' dir='ltr'>onus,</span> <span class='ocrx_word' id='word_1_62' title='bbox 855 1394 949 1451; x_wconf 78' lang='lat' dir='ltr'>vidue.</span> 
     </span>
    </p>

    <p class='ocr_par' dir='ltr' id='par_1_9' title="bbox 329 1473 982 1616">
     <span class='ocr_line' id='line_1_13' title="bbox 329 1473 982 1538; baseline -0.005 -10"><span class='ocrx_word' id='word_1_63' title='bbox 329 1476 389 1528; x_wconf 92' lang='lat' dir='ltr'>Non</span> <span class='ocrx_word' id='word_1_64' title='bbox 401 1477 477 1538; x_wconf 89' lang='lat' dir='ltr'>bene,</span> <span class='ocrx_word' id='word_1_65' title='bbox 489 1475 568 1525; x_wconf 87' lang='lat' dir='ltr'>crede</span> <span class='ocrx_word' id='word_1_66' title='bbox 577 1473 652 1538; x_wconf 87' lang='lat' dir='ltr'>mihi,</span> <span class='ocrx_word' id='word_1_67' title='bbox 663 1490 742 1526; x_wconf 88' lang='lat' dir='ltr'>servo</span> <span class='ocrx_word' id='word_1_68' title='bbox 753 1476 870 1527; x_wconf 80' lang='lat' dir='ltr'>servitur</span> <span class='ocrx_word' id='word_1_69' title='bbox 880 1475 982 1525; x_wconf 86' lang='lat' dir='ltr'>amieo.</span> 
     </span>
     <span class='ocr_line' id='line_1_14' title="bbox 367 1549 938 1616; baseline -0.005 -15"><span class='ocrx_word' id='word_1_70' title='bbox 367 1550 409 1602; x_wconf 92' lang='lat' dir='ltr'>Sit</span> <span class='ocrx_word' id='word_1_71' title='bbox 420 1551 497 1614; x_wconf 87' lang='lat' dir='ltr'>liber,</span> <span class='ocrx_word' id='word_1_72' title='bbox 508 1549 635 1600; x_wconf 86' lang='lat' dir='ltr'>dominus</span> <span class='ocrx_word' id='word_1_73' title='bbox 644 1550 692 1616; x_wconf 86' lang='lat' dir='ltr'>qui</span> <span class='ocrx_word' id='word_1_74' title='bbox 701 1551 776 1601; x_wconf 85' lang='lat' dir='ltr'>volet</span> <span class='ocrx_word' id='word_1_75' title='bbox 786 1565 845 1601; x_wconf 88' lang='lat' dir='ltr'>esse</span> <span class='ocrx_word' id='word_1_76' title='bbox 855 1564 938 1599; x_wconf 85' lang='lat' dir='ltr'>meus.</span> 
     </span>
    </p>
   </div>
   <div class='ocr_carea' id='block_1_6' title="bbox 588 1670 860 1714">
    <p class='ocr_par' dir='ltr' id='par_1_10' title="bbox 588 1670 860 1714">
     <span class='ocr_line' id='line_1_15' title="bbox 588 1670 860 1714; baseline -0.007 -1"><span class='ocrx_word' id='word_1_77' title='bbox 588 1674 621 1714; x_wconf 75' lang='lat'>³3.</span> <span class='ocrx_word' id='word_1_78' title='bbox 645 1671 677 1713; x_wconf 91' lang='lat' dir='ltr'>ln</span> <span class='ocrx_word' id='word_1_79' title='bbox 692 1670 860 1713; x_wconf 76' lang='lat' dir='ltr'>Pltlloenlur.</span> 
     </span>
    </p>
   </div>
   <div class='ocr_carea' id='block_1_7' title="bbox 436 1751 998 2057">
    <p class='ocr_par' dir='ltr' id='par_1_11' title="bbox 436 1751 998 2057">
     <span class='ocr_line' id='line_1_16' title="bbox 441 1751 998 1829; baseline -0.002 -13"><span class='ocrx_word' id='word_1_80' title='bbox 441 1765 495 1817; x_wconf 82' lang='lat' dir='ltr'>Cur</span> <span class='ocrx_word' id='word_1_81' title='bbox 504 1766 694 1829; x_wconf 71' lang='lat' dir='ltr'>ambasiato,</span> <span class='ocrx_word' id='word_1_82' title='bbox 705 1763 845 1816; x_wconf 81' lang='lat' dir='ltr'>Philaenil</span> <span class='ocrx_word' id='word_1_83' title='bbox 865 1751 998 1816; x_wconf 75' lang='lat' dir='ltr'>calva&#39;es.</span> 
     </span>
     <span class='ocr_line' id='line_1_17' title="bbox 441 1838 977 1904; baseline -0.002 -13"><span class='ocrx_word' id='word_1_84' title='bbox 441 1841 494 1892; x_wconf 79' lang='lat' dir='ltr'>Cur</span> <span class='ocrx_word' id='word_1_85' title='bbox 503 1857 558 1891; x_wconf 92' lang='lat' dir='ltr'>nou</span> <span class='ocrx_word' id='word_1_86' title='bbox 568 1841 647 1893; x_wconf 86' lang='lat' dir='ltr'>basio</span> <span class='ocrx_word' id='word_1_87' title='bbox 658 1848 694 1904; x_wconf 87' lang='lat' dir='ltr'>te,</span> <span class='ocrx_word' id='word_1_88' title='bbox 705 1838 846 1892; x_wconf 80' lang='lat' dir='ltr'>Philaenil</span> <span class='ocrx_word' id='word_1_89' title='bbox 864 1838 927 1890; x_wconf 83' lang='lat' dir='ltr'>rufa</span> <span class='ocrx_word' id='word_1_90' title='bbox 936 1854 977 1890; x_wconf 86' lang='lat' dir='ltr'>os.</span> 
     </span>
     <span class='ocr_line' id='line_1_18' title="bbox 436 1912 996 1977; baseline -0.004 -12"><span class='ocrx_word' id='word_1_91' title='bbox 436 1916 494 1966; x_wconf 70' lang='lat' dir='ltr'>Cur</span> <span class='ocrx_word' id='word_1_92' title='bbox 504 1931 558 1965; x_wconf 93' lang='lat' dir='ltr'>non</span> <span class='ocrx_word' id='word_1_93' title='bbox 570 1916 649 1967; x_wconf 91' lang='lat' dir='ltr'>basio</span> <span class='ocrx_word' id='word_1_94' title='bbox 660 1922 697 1977; x_wconf 90' lang='lat' dir='ltr'>te,</span> <span class='ocrx_word' id='word_1_95' title='bbox 707 1912 847 1966; x_wconf 77' lang='lat' dir='ltr'>Philaenil</span> <span class='ocrx_word' id='word_1_96' title='bbox 866 1913 945 1964; x_wconf 79' lang='lat' dir='ltr'>lusos</span> <span class='ocrx_word' id='word_1_97' title='bbox 955 1930 996 1966; x_wconf 85' lang='lat' dir='ltr'>es.</span> 
     </span>
     <span class='ocr_line' id='line_1_19' title="bbox 440 1986 951 2057; baseline -0.002 -17"><span class='ocrx_word' id='word_1_98' title='bbox 440 1991 480 2041; x_wconf 81' lang='lat' dir='ltr'>&#39;l&#39;e</span> <span class='ocrx_word' id='word_1_99' title='bbox 491 1991 538 2057; x_wconf 90' lang='lat' dir='ltr'>qui</span> <span class='ocrx_word' id='word_1_100' title='bbox 547 1991 648 2053; x_wconf 59' lang='lat' dir='ltr'>basin,</span> <span class='ocrx_word' id='word_1_101' title='bbox 658 1987 713 2051; x_wconf 74' lang='lat' dir='ltr'>llio,</span> <span class='ocrx_word' id='word_1_102' title='bbox 722 1988 856 2049; x_wconf 79' lang='lat' dir='ltr'>Philaeni,</span> <span class='ocrx_word' id='word_1_103' title='bbox 864 1986 951 2039; x_wconf 87' lang='lat' dir='ltr'>fellat.</span> 
     </span>
    </p>
   </div>
   <div class='ocr_carea' id='block_1_8' title="bbox 610 2109 839 2153">
    <p class='ocr_par' dir='ltr' id='par_1_12' title="bbox 610 2109 839 2153">
     <span class='ocr_line' id='line_1_20' title="bbox 610 2109 839 2153; baseline -0.004 -1"><span class='ocrx_word' id='word_1_104' title='bbox 610 2114 644 2153; x_wconf 74' lang='grc'>34.</span> <span class='ocrx_word' id='word_1_105' title='bbox 668 2109 700 2152; x_wconf 87' lang='lat' dir='ltr'>In</span> <span class='ocrx_word' id='word_1_106' title='bbox 721 2109 839 2152; x_wconf 69' lang='lat' dir='ltr'>Gallum.</span> 
     </span>
    </p>
   </div>
   <div class='ocr_carea' id='block_1_9' title="bbox 331 2201 1022 2643">
    <p class='ocr_par' dir='ltr' id='par_1_13' title="bbox 331 2201 1022 2643">
     <span class='ocr_line' id='line_1_21' title="bbox 331 2201 1022 2270; baseline 0 -16"><span class='ocrx_word' id='word_1_107' title='bbox 331 2204 397 2255; x_wconf 84' lang='lat' dir='ltr'>Cum</span> <span class='ocrx_word' id='word_1_108' title='bbox 408 2204 516 2270; x_wconf 83' lang='lat' dir='ltr'>placeat</span> <span class='ocrx_word' id='word_1_109' title='bbox 524 2201 660 2266; x_wconf 87' lang='lat' dir='ltr'>Phileros,</span> <span class='ocrx_word' id='word_1_110' title='bbox 669 2208 730 2254; x_wconf 86' lang='lat' dir='ltr'>tota</span> <span class='ocrx_word' id='word_1_111' title='bbox 739 2204 791 2255; x_wconf 84' lang='lat' dir='ltr'>tibi</span> <span class='ocrx_word' id='word_1_112' title='bbox 802 2204 867 2255; x_wconf 87' lang='lat' dir='ltr'>dote</span> <span class='ocrx_word' id='word_1_113' title='bbox 876 2203 1022 2256; x_wconf 75' lang='lat' dir='ltr'>redemtus.</span> 
     </span>
     <span class='ocr_line' id='line_1_22' title="bbox 367 2276 933 2345; baseline -0.005 -15"><span class='ocrx_word' id='word_1_114' title='bbox 367 2287 422 2330; x_wconf 88' lang='lat' dir='ltr'>tres</span> <span class='ocrx_word' id='word_1_115' title='bbox 433 2279 535 2345; x_wconf 88' lang='lat' dir='ltr'>pateris</span> <span class='ocrx_word' id='word_1_116' title='bbox 545 2285 635 2341; x_wconf 87' lang='lat' dir='ltr'>natos,</span> <span class='ocrx_word' id='word_1_117' title='bbox 647 2276 738 2341; x_wconf 82' lang='lat' dir='ltr'>Galla,</span> <span class='ocrx_word' id='word_1_118' title='bbox 752 2279 841 2344; x_wconf 85' lang='lat' dir='ltr'>perire</span> <span class='ocrx_word' id='word_1_119' title='bbox 850 2276 933 2330; x_wconf 73' lang='lat' dir='ltr'>ieme.</span> 
     </span>
     <span class='ocr_line' id='line_1_23' title="bbox 331 2352 943 2419; baseline -0.002 -15"><span class='ocrx_word' id='word_1_120' title='bbox 331 2354 489 2404; x_wconf 81' lang='lat' dir='ltr'>Praestatur</span> <span class='ocrx_word' id='word_1_121' title='bbox 499 2368 568 2403; x_wconf 90' lang='lat' dir='ltr'>cano</span> <span class='ocrx_word' id='word_1_122' title='bbox 578 2357 655 2403; x_wconf 85' lang='lat' dir='ltr'>tants</span> <span class='ocrx_word' id='word_1_123' title='bbox 664 2352 835 2419; x_wconf 83' lang='lat' dir='ltr'>indulgentia</span> <span class='ocrx_word' id='word_1_124' title='bbox 845 2367 943 2415; x_wconf 84' lang='lat' dir='ltr'>cunno,</span> 
     </span>
     <span class='ocr_line' id='line_1_24' title="bbox 369 2424 1005 2494; baseline 0 -16"><span class='ocrx_word' id='word_1_125' title='bbox 369 2444 446 2494; x_wconf 84' lang='lat' dir='ltr'>quern</span> <span class='ocrx_word' id='word_1_126' title='bbox 458 2443 507 2478; x_wconf 88' lang='lat' dir='ltr'>neo</span> <span class='ocrx_word' id='word_1_127' title='bbox 517 2433 594 2478; x_wconf 83' lang='lat' dir='ltr'>casta</span> <span class='ocrx_word' id='word_1_128' title='bbox 603 2433 694 2492; x_wconf 84' lang='lat' dir='ltr'>potest</span> <span class='ocrx_word' id='word_1_129' title='bbox 702 2428 758 2477; x_wconf 83' lang='lat' dir='ltr'>iarn</span> <span class='ocrx_word' id='word_1_130' title='bbox 769 2427 892 2478; x_wconf 84' lang='lat' dir='ltr'>decuisse</span> <span class='ocrx_word' id='word_1_131' title='bbox 903 2424 1005 2482; x_wconf 79' lang='lat' dir='ltr'>Venus.</span> 
     </span>
     <span class='ocr_line' id='line_1_25' title="bbox 331 2500 976 2568; baseline 0.002 -17"><span class='ocrx_word' id='word_1_132' title='bbox 331 2502 491 2568; x_wconf 86' lang='lat' dir='ltr'>Perpetuam</span> <span class='ocrx_word' id='word_1_133' title='bbox 503 2503 531 2552; x_wconf 84' lang='lat' dir='ltr'>di</span> <span class='ocrx_word' id='word_1_134' title='bbox 540 2507 567 2552; x_wconf 90' lang='lat' dir='ltr'>te</span> <span class='ocrx_word' id='word_1_135' title='bbox 576 2500 681 2553; x_wconf 80' lang='lat' dir='ltr'>faciant</span> <span class='ocrx_word' id='word_1_136' title='bbox 690 2500 839 2554; x_wconf 79' lang='lat' dir='ltr'>Philerotis</span> <span class='ocrx_word' id='word_1_137' title='bbox 850 2501 976 2564; x_wconf 71' lang='lat' dir='ltr'>amicam,</span> 
     </span>
     <span class='ocr_line' id='line_1_26' title="bbox 369 2575 864 2643; baseline -0.004 -16"><span class='ocrx_word' id='word_1_138' title='bbox 369 2594 384 2627; x_wconf 91' lang='lat' dir='ltr'>o</span> <span class='ocrx_word' id='word_1_139' title='bbox 395 2584 490 2639; x_wconf 86' lang='lat' dir='ltr'>mater,</span> <span class='ocrx_word' id='word_1_140' title='bbox 501 2592 556 2643; x_wconf 82' lang='lat' dir='ltr'>qua</span> <span class='ocrx_word' id='word_1_141' title='bbox 565 2592 615 2629; x_wconf 89' lang='lat' dir='ltr'>nee</span> <span class='ocrx_word' id='word_1_142' title='bbox 624 2575 725 2628; x_wconf 86' lang='lat' dir='ltr'>Pontia</span> <span class='ocrx_word' id='word_1_143' title='bbox 735 2576 864 2628; x_wconf 84' lang='lat' dir='ltr'>deterior.</span> 
     </span>
    </p>
   </div>
   <div class='ocr_carea' id='block_1_10' title="bbox 592 2695 854 2740">
    <p class='ocr_par' dir='ltr' id='par_1_14' title="bbox 592 2695 854 2740">
     <span class='ocr_line' id='line_1_27' title="bbox 592 2695 854 2740; baseline -0.008 0"><span class='ocrx_word' id='word_1_144' title='bbox 592 2701 626 2740; x_wconf 75' lang='lat'>3⁵.</span> <span class='ocrx_word' id='word_1_145' title='bbox 650 2697 691 2739; x_wconf 75' lang='lat' dir='ltr'>Aa</span> <span class='ocrx_word' id='word_1_146' title='bbox 705 2695 854 2740; x_wconf 79' lang='lat' dir='ltr'>Phoebum.</span> 
     </span>
    </p>
   </div>
   <div class='ocr_carea' id='block_1_11' title="bbox 317 2790 1084 2944">
    <p class='ocr_par' dir='ltr' id='par_1_15' title="bbox 317 2790 1084 2944">
     <span class='ocr_line' id='line_1_28' title="bbox 317 2790 1084 2864; baseline 0.013 -28"><span class='ocrx_word' id='word_1_147' title='bbox 317 2790 383 2838; x_wconf 79' lang='lat' dir='ltr'>Cam</span> <span class='ocrx_word' id='word_1_148' title='bbox 393 2792 544 2846; x_wconf 81' lang='lat' dir='ltr'>s1&#39;ntcrura</span> <span class='ocrx_word' id='word_1_149' title='bbox 556 2794 618 2862; x_wconf 87' lang='lat' dir='ltr'>tibi,</span> <span class='ocrx_word' id='word_1_150' title='bbox 630 2794 766 2851; x_wconf 79' lang='lat' dir='ltr'>simulent</span> <span class='ocrx_word' id='word_1_151' title='bbox 778 2808 851 2864; x_wconf 87' lang='lat' dir='ltr'>quae</span> <span class='ocrx_word' id='word_1_152' title='bbox 868 2790 1084 2846; x_wconf 68' lang='lat' dir='ltr'>oomualanae.</span> 
     </span>
     <span class='ocr_line' id='line_1_29' title="bbox 331 2862 995 2944; baseline 0.023 -33"><span class='ocrx_word' id='word_1_153' title='bbox 331 2862 366 2910; x_wconf 79' lang='lat' dir='ltr'>in</span> <span class='ocrx_word' id='word_1_154' title='bbox 376 2865 479 2931; x_wconf 73' lang='lat' dir='ltr'>rnytr&#39;o</span> <span class='ocrx_word' id='word_1_155' title='bbox 487 2878 625 2943; x_wconf 85' lang='lat' dir='ltr'>poteras,</span> <span class='ocrx_word' id='word_1_156' title='bbox 637 2874 771 2944; x_wconf 87' lang='lat' dir='ltr'>Phoebe,</span> <span class='ocrx_word' id='word_1_157' title='bbox 778 2873 883 2927; x_wconf 78' lang='lat' dir='ltr'>lauare</span> <span class='ocrx_word' id='word_1_158' title='bbox 892 2868 995 2938; x_wconf 55' lang='lat' dir='ltr'>pede&amp;</span> 
     </span>
    </p>
   </div>
   <div class='ocr_carea' id='block_1_12' title="bbox 0 0 1387 3450">
    <p class='ocr_par' dir='ltr' id='par_1_16' title="bbox 0 0 1387 3450">
     <span class='ocr_line' id='line_1_30' title="bbox 0 0 1387 3450; baseline 0 0"><span class='ocrx_word' id='word_1_159' title='bbox 0 0 1387 3450; x_wconf 95' lang='lat' dir='ltr'> </span> 
     </span>
    </p>
   </div>
  </div>
 </body>
</html>
