2750 3450
308 397 340 443 20
596 396 810 444 MARTlALIS

308 520 330 567 si
343 518 403 584 quis
413 518 466 567 en't
475 517 543 567 recti
553 523 654 580 custos,
668 519 784 569 mirator
793 516 910 582 honesti,

345 599 372 642 et
381 589 449 641 nihil
460 606 560 642 arcano
572 595 618 658 qui
628 598 707 660 roget
717 609 764 644 ore
774 594 853 645 deos:

307 667 331 715 si
342 667 403 732 quis
414 666 466 716 erit
477 680 590 732 maguae
600 666 732 719 subnixus
742 669 842 719 robore
851 670 963 732 mentis,

345 741 507 805 dispeream,
518 741 607 795 sinon
617 739 662 792 hio
672 741 810 794 Decianus
820 744 880 793 erit.

575 857 609 894 41.
634 853 671 894 Ad
693 853 828 895 Lividuru.

310 937 364 996 Qui
374 938 452 988 ducis
462 938 560 1001 vultus,
571 944 598 988 et
607 953 662 988 uon
671 937 742 1005 legis
751 938 806 988 ista
815 937 941 1002 libenter,

346 1012 472 1064 omuibus
481 1011 614 1075 invideas,
625 1011 732 1074 livide,
740 1027 820 1064 neruo
829 1011 891 1063 tibi.

566 1120 601 1159 42.
624 1115 655 1157 lu
675 1115 837 1159 Caecilium.

382 1211 505 1261 Urbanus
514 1209 575 1272 tibi,
588 1208 700 1272 Caecili,
709 1209 825 1260 videris:

379 1300 434 1335 nou
444 1300 482 1345 es,
493 1284 571 1335 crede
582 1281 657 1334 mihi.
692 1283 763 1343 Quid
775 1282 857 1350 ergo!
877 1283 970 1337 Verna
979 1301 1024 1351 ους

379 1356 433 1409 hoc
443 1359 516 1425 quod
527 1357 748 1409 Transtiberinus
762 1358 924 1421 ambulator,

380 1434 426 1500 qui
436 1433 568 1498 pallentia
577 1431 712 1483 sulfirrata
721 1431 817 1484 baetis

378 1513 515 1574 permutat
522 1507 630 1558 vitreis:
650 1508 724 1573 quod
735 1508 842 1558 otiosae

378 1582 473 1634 vendit
484 1583 530 1648 qui
539 1581 678 1632 madidum
690 1582 761 1633 cicer
771 1596 902 1633 eoronaez

380 1656 454 1725 quod
465 1663 557 1708 custos
567 1657 748 1724 dominusque
757 1657 923 1723 viperarum

379 1732 453 1798 quod
463 1733 531 1784 viles
541 1733 619 1799 pueri
628 1732 807 1785 salariorum:

379 1808 453 1875 quod
463 1806 596 1859 firmantia
606 1809 654 1875 qui
662 1808 784 1861 tomacla
793 1822 892 1859 raucius

379 1883 535 1934 circumfert
544 1883 645 1949 tepidis
656 1899 739 1935 cocus
748 1882 870 1949 popinis:

379 1958 453 2024 quod
463 1973 517 2009 nou
528 1959 646 2023 optimus
655 1957 766 2009 urbicus
775 1961 870 2022 poeta:

379 2031 453 2098 quod
463 2032 496 2083 de
508 2029 630 2082 Gadibus
640 2032 781 2098 improbus
791 2032 932 2098 magister:

379 2105 452 2172 quod
462 2106 549 2156 bucca
559 2110 600 2156 est
609 2105 694 2155 vetuli
703 2104 806 2172 loquax
816 2106 932 2157 cinaedi.

380 2179 471 2241 Quare
481 2180 574 2231 desine
584 2180 640 2228 iam
648 2180 701 2230 tibi
710 2180 806 2243 videri,

379 2254 452 2321 quod
463 2254 517 2305 soli
527 2253 586 2316 tibi,
598 2253 710 2317 Caecili,
722 2256 837 2307 videris:

378 2331 427 2394 qui
438 2328 555 2381 Galbam
565 2328 669 2381 salibus
678 2330 743 2392 tuis,
754 2335 782 2380 et
790 2331 878 2395 ipsum

379 2405 468 2468 possis
478 2404 585 2455 vincere
594 2402 717 2455 Sextium
728 2403 878 2456 Caballum.

380 2477 403 2528 N
407 2493 442 2529 ou
454 2479 604 2545 cuicunque
616 2479 709 2530 datum
719 2478 870 2531 esthabere
879 2494 984 2531 uuum.

378 2552 463 2604 Ludit
473 2554 520 2619 qui
530 2553 633 2605 stolida
642 2555 821 2621 procacitate,

377 2643 433 2678 non
443 2632 484 2678 est
494 2626 603 2679 Sextius
612 2628 668 2692 ille,
679 2630 728 2681 sed
739 2629 869 2681 caballus.

485 2736 520 2775 43.
544 2732 584 2775 De
598 2732 702 2778 Porcia
720 2748 806 2777 uxore
826 2735 915 2777 Bruti.

307 2825 438 2888 Coniugis
449 2826 571 2878 audisset
580 2826 666 2878 fatum
674 2844 735 2880 cum
746 2825 846 2880 Porcia
854 2828 942 2894 Bruti,

342 2913 369 2950 et
378 2906 518 2952 subtracta
528 2903 582 2953 sibi
593 2907 735 2970 quaereret
745 2918 821 2954 arma
830 2905 923 2958 dolor:
