<?xml version="1.0" encoding="UTF-8"?>
<!DOCTYPE html PUBLIC "-//W3C//DTD XHTML 1.0 Transitional//EN"
    "http://www.w3.org/TR/xhtml1/DTD/xhtml1-transitional.dtd">
<html xmlns="http://www.w3.org/1999/xhtml" xml:lang="en" lang="en">
 <head>
  <title>
</title>
<meta http-equiv="Content-Type" content="text/html;charset=utf-8" />
  <meta name='ocr-system' content='tesseract 3.04.00' />
  <meta name='ocr-capabilities' content='ocr_page ocr_carea ocr_par ocr_line ocrx_word'/>
</head>
<body>
  <div class='ocr_page' id='page_1' title='image "./mvaleriimartial03martgoog_0264.png"; bbox 0 0 2750 3450; ppageno 0'>
   <div class='ocr_carea' id='block_1_1' title="bbox 456 330 1087 403">
    <p class='ocr_par' dir='ltr' id='par_1_1' title="bbox 456 330 1087 403">
     <span class='ocr_line' id='line_1_1' title="bbox 456 330 1087 403; baseline 0.006 -5"><span class='ocrx_word' id='word_1_1' title='bbox 456 350 922 399; x_wconf 66' lang='lat' dir='ltr'><strong>circamundanum</strong></span> <span class='ocrx_word' id='word_1_2' title='bbox 986 330 990 339; x_wconf 87' lang='lat'>&#39;</span> <span class='ocrx_word' id='word_1_3' title='bbox 1037 350 1087 403; x_wconf 74' lang='lat'><strong>255</strong></span> 
     </span>
    </p>
   </div>
   <div class='ocr_carea' id='block_1_2' title="bbox 405 470 974 527">
    <p class='ocr_par' dir='ltr' id='par_1_2' title="bbox 405 470 974 527">
     <span class='ocr_line' id='line_1_2' title="bbox 405 470 974 527; baseline 0.004 -14"><span class='ocrx_word' id='word_1_4' title='bbox 405 473 439 513; x_wconf 78' lang='lat'><strong>³⁰.</strong></span> <span class='ocrx_word' id='word_1_5' title='bbox 458 470 498 514; x_wconf 84' lang='lat' dir='ltr'><strong>Do</strong></span> <span class='ocrx_word' id='word_1_6' title='bbox 513 470 696 527; x_wconf 78' lang='lat' dir='ltr'><strong>Apollinaris</strong></span> <span class='ocrx_word' id='word_1_7' title='bbox 714 471 803 515; x_wconf 77' lang='lat' dir='ltr'><strong>litore</strong></span> <span class='ocrx_word' id='word_1_8' title='bbox 818 471 974 515; x_wconf 77' lang='lat' dir='ltr'><strong>Formiano.</strong></span> 
     </span>
    </p>
   </div>
   <div class='ocr_carea' id='block_1_3' title="bbox 287 545 1031 2935">
    <p class='ocr_par' dir='ltr' id='par_1_3' title="bbox 287 545 1031 2935">
     <span class='ocr_line' id='line_1_3' title="bbox 368 545 878 612; baseline 0.006 -15"><span class='ocrx_word' id='word_1_9' title='bbox 368 545 391 596; x_wconf 93' lang='lat'>0</span> <span class='ocrx_word' id='word_1_10' title='bbox 401 551 568 612; x_wconf 79' lang='lat' dir='ltr'><strong>temperatae</strong></span> <span class='ocrx_word' id='word_1_11' title='bbox 579 547 656 599; x_wconf 82' lang='lat' dir='ltr'><strong>dulce</strong></span> <span class='ocrx_word' id='word_1_12' title='bbox 665 548 795 599; x_wconf 88' lang='lat' dir='ltr'><strong>Formiae</strong></span> <span class='ocrx_word' id='word_1_13' title='bbox 805 548 878 612; x_wconf 88' lang='lat' dir='ltr'><strong>litus,</strong></span> 
     </span>
     <span class='ocr_line' id='line_1_4' title="bbox 366 621 932 689; baseline 0.002 -16"><span class='ocrx_word' id='word_1_14' title='bbox 366 637 425 684; x_wconf 83' lang='lat' dir='ltr'><strong>vos,</strong></span> <span class='ocrx_word' id='word_1_15' title='bbox 436 637 496 672; x_wconf 90' lang='lat' dir='ltr'><strong>curn</strong></span> <span class='ocrx_word' id='word_1_16' title='bbox 507 623 595 673; x_wconf 89' lang='lat' dir='ltr'><strong>severi</strong></span> <span class='ocrx_word' id='word_1_17' title='bbox 604 621 675 689; x_wconf 84' lang='lat' dir='ltr'><strong>fugit</strong></span> <span class='ocrx_word' id='word_1_18' title='bbox 686 623 815 689; x_wconf 91' lang='lat' dir='ltr'><strong>oppidum</strong></span> <span class='ocrx_word' id='word_1_19' title='bbox 825 623 932 687; x_wconf 85' lang='lat' dir='ltr'><strong>Martis,</strong></span> 
     </span>
     <span class='ocr_line' id='line_1_5' title="bbox 367 695 820 762; baseline 0.004 -16"><span class='ocrx_word' id='word_1_20' title='bbox 367 701 394 747; x_wconf 90' lang='lat' dir='ltr'><strong>et</strong></span> <span class='ocrx_word' id='word_1_21' title='bbox 403 696 539 762; x_wconf 87' lang='lat' dir='ltr'><strong>inquietas</strong></span> <span class='ocrx_word' id='word_1_22' title='bbox 549 695 637 747; x_wconf 82' lang='lat' dir='ltr'><strong>fessus</strong></span> <span class='ocrx_word' id='word_1_23' title='bbox 647 698 722 747; x_wconf 86' lang='lat' dir='ltr'><strong>exuit</strong></span> <span class='ocrx_word' id='word_1_24' title='bbox 732 713 820 760; x_wconf 87' lang='lat' dir='ltr'><strong>curas,</strong></span> 
     </span>
     <span class='ocr_line' id='line_1_6' title="bbox 366 770 888 838; baseline 0 -17"><span class='ocrx_word' id='word_1_25' title='bbox 366 770 534 836; x_wconf 80' lang='lat' dir='ltr'>Apollinaris</span> <span class='ocrx_word' id='word_1_26' title='bbox 545 771 669 822; x_wconf 89' lang='lat' dir='ltr'><strong>omnibus</strong></span> <span class='ocrx_word' id='word_1_27' title='bbox 679 772 750 823; x_wconf 90' lang='lat' dir='ltr'><strong>locis</strong></span> <span class='ocrx_word' id='word_1_28' title='bbox 760 771 888 838; x_wconf 82' lang='lat' dir='ltr'><strong>praefert.</strong></span> 
     </span>
     <span class='ocr_line' id='line_1_7' title="bbox 367 844 904 909; baseline 0.006 -14"><span class='ocrx_word' id='word_1_29' title='bbox 367 844 429 896; x_wconf 90' lang='lat' dir='ltr'><strong>Non</strong></span> <span class='ocrx_word' id='word_1_30' title='bbox 438 845 486 896; x_wconf 90' lang='lat' dir='ltr'><strong>ille</strong></span> <span class='ocrx_word' id='word_1_31' title='bbox 495 852 606 897; x_wconf 90' lang='lat' dir='ltr'><strong>sanctae</strong></span> <span class='ocrx_word' id='word_1_32' title='bbox 617 845 695 897; x_wconf 85' lang='lat' dir='ltr'><strong>dulce</strong></span> <span class='ocrx_word' id='word_1_33' title='bbox 705 846 792 897; x_wconf 78' lang='lat' dir='ltr'><strong>&#39;libur</strong></span> <span class='ocrx_word' id='word_1_34' title='bbox 800 847 904 909; x_wconf 85' lang='lat' dir='ltr'><strong>uxoris,</strong></span> 
     </span>
     <span class='ocr_line' id='line_1_8' title="bbox 367 920 898 987; baseline 0.004 -17"><span class='ocrx_word' id='word_1_35' title='bbox 367 935 417 971; x_wconf 91' lang='lat' dir='ltr'><strong>nec</strong></span> <span class='ocrx_word' id='word_1_36' title='bbox 427 920 600 971; x_wconf 89' lang='lat' dir='ltr'><strong>Tusculanos</strong></span> <span class='ocrx_word' id='word_1_37' title='bbox 609 920 756 987; x_wconf 79' lang='lat' dir='ltr'><strong>Algidosve</strong></span> <span class='ocrx_word' id='word_1_38' title='bbox 767 937 898 984; x_wconf 88' lang='lat' dir='ltr'><strong>secessus,</strong></span> 
     </span>
     <span class='ocr_line' id='line_1_9' title="bbox 368 993 909 1046; baseline 0.002 -1"><span class='ocrx_word' id='word_1_39' title='bbox 368 993 515 1046; x_wconf 80' lang='lat' dir='ltr'><strong>Praeneste</strong></span> <span class='ocrx_word' id='word_1_40' title='bbox 524 1011 574 1046; x_wconf 88' lang='lat' dir='ltr'><strong>nec</strong></span> <span class='ocrx_word' id='word_1_41' title='bbox 584 996 624 1046; x_wconf 92' lang='lat' dir='ltr'><strong>sic</strong></span> <span class='ocrx_word' id='word_1_42' title='bbox 633 996 776 1046; x_wconf 78' lang='lat' dir='ltr'><strong>Antiumve</strong></span> <span class='ocrx_word' id='word_1_43' title='bbox 786 996 909 1046; x_wconf 89' lang='lat' dir='ltr'><strong>miratur.</strong></span> 
     </span>
     <span class='ocr_line' id='line_1_10' title="bbox 366 1067 918 1122; baseline 0 -1"><span class='ocrx_word' id='word_1_44' title='bbox 366 1067 430 1121; x_wconf 87' lang='lat' dir='ltr'><strong>Non</strong></span> <span class='ocrx_word' id='word_1_45' title='bbox 439 1068 541 1120; x_wconf 88' lang='lat' dir='ltr'><strong>blanda</strong></span> <span class='ocrx_word' id='word_1_46' title='bbox 552 1069 629 1122; x_wconf 85' lang='lat' dir='ltr'><strong>Circe</strong></span> <span class='ocrx_word' id='word_1_47' title='bbox 639 1070 811 1121; x_wconf 85' lang='lat' dir='ltr'><strong>Dardanisve</strong></span> <span class='ocrx_word' id='word_1_48' title='bbox 823 1069 918 1121; x_wconf 86' lang='lat' dir='ltr'><strong>Caieta</strong></span> 
     </span>
     <span class='ocr_line' id='line_1_11' title="bbox 367 1142 998 1208; baseline 0.005 -14"><span class='ocrx_word' id='word_1_49' title='bbox 367 1142 564 1207; x_wconf 85' lang='lat' dir='ltr'><strong>desiderantur,</strong></span> <span class='ocrx_word' id='word_1_50' title='bbox 575 1161 625 1196; x_wconf 89' lang='lat' dir='ltr'><strong>nec</strong></span> <span class='ocrx_word' id='word_1_51' title='bbox 635 1145 750 1208; x_wconf 86' lang='lat' dir='ltr'><strong>Marica,</strong></span> <span class='ocrx_word' id='word_1_52' title='bbox 760 1160 811 1196; x_wconf 89' lang='lat' dir='ltr'><strong>nec</strong></span> <span class='ocrx_word' id='word_1_53' title='bbox 820 1142 904 1208; x_wconf 85' lang='lat' dir='ltr'><strong>Liris,</strong></span> <span class='ocrx_word' id='word_1_54' title='bbox 996 1163 998 1166; x_wconf 91' lang='lat'>·</span> 
     </span>
     <span class='ocr_line' id='line_1_12' title="bbox 365 1215 884 1271; baseline 0.002 -3"><span class='ocrx_word' id='word_1_55' title='bbox 365 1220 454 1270; x_wconf 87' lang='lat' dir='ltr'><strong>necin</strong></span> <span class='ocrx_word' id='word_1_56' title='bbox 463 1215 583 1269; x_wconf 89' lang='lat' dir='ltr'><strong>Lucrina</strong></span> <span class='ocrx_word' id='word_1_57' title='bbox 593 1219 652 1271; x_wconf 89' lang='lat' dir='ltr'><strong>lota</strong></span> <span class='ocrx_word' id='word_1_58' title='bbox 662 1218 797 1270; x_wconf 85' lang='lat' dir='ltr'><strong>Salmacis</strong></span> <span class='ocrx_word' id='word_1_59' title='bbox 806 1234 884 1270; x_wconf 88' lang='lat' dir='ltr'><strong>vena.</strong></span> 
     </span>
     <span class='ocr_line' id='line_1_13' title="bbox 365 1292 959 1361; baseline 0.002 -18"><span class='ocrx_word' id='word_1_60' title='bbox 365 1292 420 1344; x_wconf 88' lang='lat' dir='ltr'><strong>Hic</strong></span> <span class='ocrx_word' id='word_1_61' title='bbox 430 1309 535 1345; x_wconf 89' lang='lat' dir='ltr'><strong>summa</strong></span> <span class='ocrx_word' id='word_1_62' title='bbox 544 1294 599 1344; x_wconf 92' lang='lat' dir='ltr'><strong>leni</strong></span> <span class='ocrx_word' id='word_1_63' title='bbox 609 1296 751 1361; x_wconf 85' lang='lat' dir='ltr'><strong>stringitur</strong></span> <span class='ocrx_word' id='word_1_64' title='bbox 761 1293 856 1346; x_wconf 89' lang='lat' dir='ltr'><strong>Thetis</strong></span> <span class='ocrx_word' id='word_1_65' title='bbox 865 1299 959 1356; x_wconf 84' lang='lat' dir='ltr'><strong>vent03</strong></span> 
     </span>
     <span class='ocr_line' id='line_1_14' title="bbox 365 1368 1031 1436; baseline 0.002 -18"><span class='ocrx_word' id='word_1_66' title='bbox 365 1383 416 1419; x_wconf 93' lang='lat' dir='ltr'><strong>nec</strong></span> <span class='ocrx_word' id='word_1_67' title='bbox 425 1368 536 1435; x_wconf 78' lang='lat' dir='ltr'><strong>languet</strong></span> <span class='ocrx_word' id='word_1_68' title='bbox 546 1369 661 1435; x_wconf 69' lang='lat' dir='ltr'><strong>aequor}</strong></span> <span class='ocrx_word' id='word_1_69' title='bbox 674 1371 739 1420; x_wconf 86' lang='lat' dir='ltr'><strong>viva</strong></span> <span class='ocrx_word' id='word_1_70' title='bbox 750 1369 797 1420; x_wconf 90' lang='lat' dir='ltr'><strong>sed</strong></span> <span class='ocrx_word' id='word_1_71' title='bbox 809 1370 885 1436; x_wconf 88' lang='lat' dir='ltr'><strong>quies</strong></span> <span class='ocrx_word' id='word_1_72' title='bbox 895 1368 976 1420; x_wconf 82' lang='lat' dir='ltr'><strong>Ponti</strong></span> <span class='ocrx_word' id='word_1_73' title='bbox 1028 1389 1031 1395; x_wconf 92' lang='lat'>·</span> 
     </span>
     <span class='ocr_line' id='line_1_15' title="bbox 364 1442 917 1510; baseline 0.004 -19"><span class='ocrx_word' id='word_1_74' title='bbox 364 1443 466 1510; x_wconf 78' lang='lat' dir='ltr'><strong>pictam</strong></span> <span class='ocrx_word' id='word_1_75' title='bbox 477 1442 609 1509; x_wconf 84' lang='lat' dir='ltr'><strong>phaselon</strong></span> <span class='ocrx_word' id='word_1_76' title='bbox 619 1444 766 1494; x_wconf 84' lang='lat' dir='ltr'><strong>adiuvante</strong></span> <span class='ocrx_word' id='word_1_77' title='bbox 774 1443 828 1495; x_wconf 86' lang='lat' dir='ltr'><strong>fert</strong></span> <span class='ocrx_word' id='word_1_78' title='bbox 839 1459 917 1505; x_wconf 85' lang='lat' dir='ltr'><strong>aura3</strong></span> 
     </span>
     <span class='ocr_line' id='line_1_16' title="bbox 365 1516 891 1583; baseline 0 -15"><span class='ocrx_word' id='word_1_79' title='bbox 365 1518 437 1568; x_wconf 90' lang='lat' dir='ltr'><strong>sicut</strong></span> <span class='ocrx_word' id='word_1_80' title='bbox 446 1518 553 1583; x_wconf 91' lang='lat' dir='ltr'><strong>puellae</strong></span> <span class='ocrx_word' id='word_1_81' title='bbox 563 1532 618 1568; x_wconf 91' lang='lat' dir='ltr'><strong>non</strong></span> <span class='ocrx_word' id='word_1_82' title='bbox 629 1516 746 1569; x_wconf 77' lang='lat' dir='ltr'><strong>amantis</strong></span> <span class='ocrx_word' id='word_1_83' title='bbox 760 1523 891 1570; x_wconf 87' lang='lat' dir='ltr'><strong>aestatem</strong></span> 
     </span>
     <span class='ocr_line' id='line_1_17' title="bbox 365 1591 875 1660; baseline 0.002 -19"><span class='ocrx_word' id='word_1_84' title='bbox 365 1597 441 1643; x_wconf 89' lang='lat' dir='ltr'><strong>mota</strong></span> <span class='ocrx_word' id='word_1_85' title='bbox 450 1591 558 1643; x_wconf 88' lang='lat' dir='ltr'><strong>salubre</strong></span> <span class='ocrx_word' id='word_1_86' title='bbox 568 1607 688 1658; x_wconf 87' lang='lat' dir='ltr'><strong>purpura</strong></span> <span class='ocrx_word' id='word_1_87' title='bbox 698 1593 772 1644; x_wconf 92' lang='lat' dir='ltr'><strong>venit</strong></span> <span class='ocrx_word' id='word_1_88' title='bbox 781 1592 875 1660; x_wconf 80' lang='lat' dir='ltr'><strong>frigus.</strong></span> 
     </span>
     <span class='ocr_line' id='line_1_18' title="bbox 365 1664 971 1735; baseline -0.002 -17"><span class='ocrx_word' id='word_1_89' title='bbox 365 1664 423 1718; x_wconf 90' lang='lat' dir='ltr'><strong>Nec</strong></span> <span class='ocrx_word' id='word_1_90' title='bbox 432 1673 493 1717; x_wconf 90' lang='lat' dir='ltr'><strong>seta</strong></span> <span class='ocrx_word' id='word_1_91' title='bbox 501 1667 585 1735; x_wconf 84' lang='lat' dir='ltr'><strong>longo</strong></span> <span class='ocrx_word' id='word_1_92' title='bbox 597 1669 705 1734; x_wconf 89' lang='lat' dir='ltr'><strong>quaerit</strong></span> <span class='ocrx_word' id='word_1_93' title='bbox 712 1667 742 1716; x_wconf 89' lang='lat' dir='ltr'><strong>in</strong></span> <span class='ocrx_word' id='word_1_94' title='bbox 753 1668 822 1717; x_wconf 84' lang='lat' dir='ltr'><strong>mari</strong></span> <span class='ocrx_word' id='word_1_95' title='bbox 832 1667 971 1733; x_wconf 86' lang='lat' dir='ltr'><strong>praedam,</strong></span> 
     </span>
     <span class='ocr_line' id='line_1_19' title="bbox 365 1741 843 1809; baseline -0.006 -15"><span class='ocrx_word' id='word_1_96' title='bbox 365 1741 414 1794; x_wconf 89' lang='lat' dir='ltr'><strong>sed</strong></span> <span class='ocrx_word' id='word_1_97' title='bbox 425 1756 442 1792; x_wconf 95' lang='lat' dir='ltr'><strong>a</strong></span> <span class='ocrx_word' id='word_1_98' title='bbox 453 1743 536 1794; x_wconf 91' lang='lat' dir='ltr'><strong>cubili</strong></span> <span class='ocrx_word' id='word_1_99' title='bbox 546 1743 701 1809; x_wconf 87' lang='lat' dir='ltr'><strong>lectuloque</strong></span> <span class='ocrx_word' id='word_1_100' title='bbox 713 1743 843 1793; x_wconf 89' lang='lat' dir='ltr'><strong>iactatam</strong></span> 
     </span>
     <span class='ocr_line' id='line_1_20' title="bbox 365 1814 875 1883; baseline -0.006 -15"><span class='ocrx_word' id='word_1_101' title='bbox 365 1822 503 1883; x_wconf 89' lang='lat' dir='ltr'><strong>spectatus</strong></span> <span class='ocrx_word' id='word_1_102' title='bbox 514 1817 569 1867; x_wconf 92' lang='lat' dir='ltr'><strong>alte</strong></span> <span class='ocrx_word' id='word_1_103' title='bbox 579 1816 679 1867; x_wconf 87' lang='lat' dir='ltr'><strong>lineam</strong></span> <span class='ocrx_word' id='word_1_104' title='bbox 688 1814 774 1867; x_wconf 89' lang='lat' dir='ltr'><strong>trahit</strong></span> <span class='ocrx_word' id='word_1_105' title='bbox 783 1817 875 1882; x_wconf 90' lang='lat' dir='ltr'><strong>piscis.</strong></span> 
     </span>
     <span class='ocr_line' id='line_1_21' title="bbox 366 1888 1009 1958; baseline -0.003 -16"><span class='ocrx_word' id='word_1_106' title='bbox 366 1888 396 1942; x_wconf 90' lang='lat' dir='ltr'><strong>Si</strong></span> <span class='ocrx_word' id='word_1_107' title='bbox 407 1892 516 1958; x_wconf 87' lang='lat' dir='ltr'><strong>quando</strong></span> <span class='ocrx_word' id='word_1_108' title='bbox 527 1890 631 1942; x_wconf 89' lang='lat' dir='ltr'><strong>Nereus</strong></span> <span class='ocrx_word' id='word_1_109' title='bbox 641 1893 725 1943; x_wconf 90' lang='lat' dir='ltr'><strong>sentit</strong></span> <span class='ocrx_word' id='word_1_110' title='bbox 737 1891 815 1941; x_wconf 79' lang='lat' dir='ltr'><strong>Aeoli</strong></span> <span class='ocrx_word' id='word_1_111' title='bbox 825 1905 944 1957; x_wconf 83' lang='lat' dir='ltr'><strong>regnum,</strong></span> <span class='ocrx_word' id='word_1_112' title='bbox 1007 1925 1009 1929; x_wconf 90' lang='lat'>-</span> 
     </span>
     <span class='ocr_line' id='line_1_22' title="bbox 365 1966 871 2032; baseline -0.004 -16"><span class='ocrx_word' id='word_1_113' title='bbox 365 1966 437 2016; x_wconf 90' lang='lat' dir='ltr'><strong>ridet</strong></span> <span class='ocrx_word' id='word_1_114' title='bbox 446 1966 583 2032; x_wconf 89' lang='lat' dir='ltr'><strong>procellas</strong></span> <span class='ocrx_word' id='word_1_115' title='bbox 593 1972 653 2016; x_wconf 90' lang='lat' dir='ltr'><strong>tuta</strong></span> <span class='ocrx_word' id='word_1_116' title='bbox 666 1968 699 2017; x_wconf 92' lang='lat' dir='ltr'><strong>de</strong></span> <span class='ocrx_word' id='word_1_117' title='bbox 709 1981 759 2017; x_wconf 92' lang='lat' dir='ltr'><strong>suo</strong></span> <span class='ocrx_word' id='word_1_118' title='bbox 769 1980 871 2016; x_wconf 88' lang='lat' dir='ltr'><strong>mensa.</strong></span> 
     </span>
     <span class='ocr_line' id='line_1_23' title="bbox 365 2037 980 2108; baseline -0.002 -17"><span class='ocrx_word' id='word_1_119' title='bbox 365 2038 475 2091; x_wconf 88' lang='lat' dir='ltr'><strong>Piscina</strong></span> <span class='ocrx_word' id='word_1_120' title='bbox 485 2037 626 2092; x_wconf 88' lang='lat' dir='ltr'><strong>rhombum</strong></span> <span class='ocrx_word' id='word_1_121' title='bbox 638 2042 734 2108; x_wconf 84' lang='lat' dir='ltr'><strong>pascit,</strong></span> <span class='ocrx_word' id='word_1_122' title='bbox 745 2046 772 2091; x_wconf 90' lang='lat' dir='ltr'><strong>et</strong></span> <span class='ocrx_word' id='word_1_123' title='bbox 780 2041 860 2106; x_wconf 91' lang='lat' dir='ltr'><strong>lupos</strong></span> <span class='ocrx_word' id='word_1_124' title='bbox 870 2053 980 2103; x_wconf 83' lang='lat' dir='ltr'><strong>vernas3</strong></span> 
     </span>
     <span class='ocr_line' id='line_1_24' title="bbox 364 2116 933 2182; baseline -0.004 -17"><span class='ocrx_word' id='word_1_125' title='bbox 364 2119 442 2165; x_wconf 86' lang='lat' dir='ltr'><strong>natat</strong></span> <span class='ocrx_word' id='word_1_126' title='bbox 453 2116 488 2166; x_wconf 88' lang='lat' dir='ltr'><strong>ad</strong></span> <span class='ocrx_word' id='word_1_127' title='bbox 498 2117 656 2182; x_wconf 79' lang='lat' dir='ltr'><strong>magistrum</strong></span> <span class='ocrx_word' id='word_1_128' title='bbox 667 2117 786 2167; x_wconf 91' lang='lat' dir='ltr'><strong>delicata</strong></span> <span class='ocrx_word' id='word_1_129' title='bbox 795 2128 933 2167; x_wconf 89' lang='lat' dir='ltr'><strong>muraena.</strong></span> 
     </span>
     <span class='ocr_line' id='line_1_25' title="bbox 364 2187 907 2258; baseline -0.004 -17"><span class='ocrx_word' id='word_1_130' title='bbox 364 2187 580 2242; x_wconf 88' lang='lat' dir='ltr'><strong>Nomenculator</strong></span> <span class='ocrx_word' id='word_1_131' title='bbox 590 2191 717 2258; x_wconf 79' lang='lat' dir='ltr'><strong>mugilem</strong></span> <span class='ocrx_word' id='word_1_132' title='bbox 729 2193 796 2241; x_wconf 92' lang='lat' dir='ltr'><strong>citat</strong></span> <span class='ocrx_word' id='word_1_133' title='bbox 805 2195 907 2251; x_wconf 87' lang='lat' dir='ltr'><strong>notum,</strong></span> 
     </span>
     <span class='ocr_line' id='line_1_26' title="bbox 366 2264 902 2333; baseline -0.004 -18"><span class='ocrx_word' id='word_1_134' title='bbox 366 2269 393 2315; x_wconf 88' lang='lat' dir='ltr'><strong>et</strong></span> <span class='ocrx_word' id='word_1_135' title='bbox 403 2265 499 2317; x_wconf 88' lang='lat' dir='ltr'><strong>adesse</strong></span> <span class='ocrx_word' id='word_1_136' title='bbox 508 2266 578 2316; x_wconf 88' lang='lat' dir='ltr'><strong>iussi</strong></span> <span class='ocrx_word' id='word_1_137' title='bbox 586 2266 722 2333; x_wconf 90' lang='lat' dir='ltr'><strong>prodeunt</strong></span> <span class='ocrx_word' id='word_1_138' title='bbox 730 2281 807 2316; x_wconf 88' lang='lat' dir='ltr'><strong>senes</strong></span> <span class='ocrx_word' id='word_1_139' title='bbox 817 2264 902 2316; x_wconf 89' lang='lat' dir='ltr'><strong>mulli.</strong></span> 
     </span>
     <span class='ocr_line' id='line_1_27' title="bbox 364 2336 940 2407; baseline -0.003 -18"><span class='ocrx_word' id='word_1_140' title='bbox 364 2338 431 2390; x_wconf 87' lang='lat' dir='ltr'><strong>Frui</strong></span> <span class='ocrx_word' id='word_1_141' title='bbox 441 2341 489 2391; x_wconf 90' lang='lat' dir='ltr'><strong>sed</strong></span> <span class='ocrx_word' id='word_1_142' title='bbox 499 2341 562 2391; x_wconf 85' lang='lat' dir='ltr'><strong>istis</strong></span> <span class='ocrx_word' id='word_1_143' title='bbox 573 2341 681 2407; x_wconf 87' lang='lat' dir='ltr'><strong>quando</strong></span> <span class='ocrx_word' id='word_1_144' title='bbox 692 2340 781 2392; x_wconf 87' lang='lat' dir='ltr'><strong>Roma</strong></span> <span class='ocrx_word' id='word_1_145' title='bbox 790 2336 940 2405; x_wconf 64' lang='lat' dir='ltr'><strong>permittit?</strong></span> 
     </span>
     <span class='ocr_line' id='line_1_28' title="bbox 367 2412 909 2482; baseline -0.002 -18"><span class='ocrx_word' id='word_1_146' title='bbox 367 2412 441 2474; x_wconf 77' lang='lat' dir='ltr'><strong>Quot</strong></span> <span class='ocrx_word' id='word_1_147' title='bbox 450 2414 612 2466; x_wconf 85' lang='lat' dir='ltr'><strong>Formianos</strong></span> <span class='ocrx_word' id='word_1_148' title='bbox 624 2416 742 2482; x_wconf 88' lang='lat' dir='ltr'><strong>imputat</strong></span> <span class='ocrx_word' id='word_1_149' title='bbox 750 2415 809 2466; x_wconf 90' lang='lat' dir='ltr'><strong>dies</strong></span> <span class='ocrx_word' id='word_1_150' title='bbox 823 2428 909 2464; x_wconf 84' lang='lat' dir='ltr'><strong>annus</strong></span> 
     </span>
     <span class='ocr_line' id='line_1_29' title="bbox 364 2487 844 2556; baseline -0.002 -17"><span class='ocrx_word' id='word_1_151' title='bbox 364 2490 518 2556; x_wconf 83' lang='lat' dir='ltr'><strong>negotiosis</strong></span> <span class='ocrx_word' id='word_1_152' title='bbox 528 2489 608 2540; x_wconf 90' lang='lat' dir='ltr'><strong>rebus</strong></span> <span class='ocrx_word' id='word_1_153' title='bbox 618 2490 694 2540; x_wconf 86' lang='lat' dir='ltr'><strong>urbis</strong></span> <span class='ocrx_word' id='word_1_154' title='bbox 704 2487 844 2540; x_wconf 62' lang='lat' dir='ltr'><strong>haerenti?</strong></span> 
     </span>
     <span class='ocr_line' id='line_1_30' title="bbox 366 2561 796 2631; baseline -0.002 -19"><span class='ocrx_word' id='word_1_155' title='bbox 366 2562 388 2612; x_wconf 90' lang='lat'>0</span> <span class='ocrx_word' id='word_1_156' title='bbox 398 2564 531 2615; x_wconf 88' lang='lat' dir='ltr'><strong>ianitores</strong></span> <span class='ocrx_word' id='word_1_157' title='bbox 540 2564 680 2631; x_wconf 87' lang='lat' dir='ltr'><strong>villiciqne</strong></span> <span class='ocrx_word' id='word_1_158' title='bbox 689 2561 796 2615; x_wconf 83' lang='lat' dir='ltr'><strong>felices!</strong></span> 
     </span>
     <span class='ocr_line' id='line_1_31' title="bbox 365 2636 943 2705; baseline -0.005 -17"><span class='ocrx_word' id='word_1_159' title='bbox 365 2638 484 2690; x_wconf 89' lang='lat' dir='ltr'><strong>dominis</strong></span> <span class='ocrx_word' id='word_1_160' title='bbox 498 2644 629 2705; x_wconf 89' lang='lat' dir='ltr'><strong>parantur</strong></span> <span class='ocrx_word' id='word_1_161' title='bbox 641 2640 710 2701; x_wconf 80' lang='lat' dir='ltr'><strong>ista3</strong></span> <span class='ocrx_word' id='word_1_162' title='bbox 724 2640 846 2690; x_wconf 86' lang='lat' dir='ltr'><strong>serviunt</strong></span> <span class='ocrx_word' id='word_1_163' title='bbox 855 2636 943 2689; x_wconf 82' lang='lat' dir='ltr'><strong>vobis.</strong></span> 
     </span>
     <span class='ocr_line' id='line_1_32' title="bbox 531 2724 843 2769; baseline -0.003 -1"><span class='ocrx_word' id='word_1_164' title='bbox 531 2729 565 2768; x_wconf 79' lang='lat'><strong>³1.</strong></span> <span class='ocrx_word' id='word_1_165' title='bbox 590 2726 621 2767; x_wconf 92' lang='lat' dir='ltr'><strong>ln</strong></span> <span class='ocrx_word' id='word_1_166' title='bbox 640 2724 843 2769; x_wconf 81' lang='lat' dir='ltr'><strong>Calliodornm.</strong></span> 
     </span>
     <span class='ocr_line' id='line_1_33' title="bbox 287 2793 950 2856; baseline -0.005 -9"><span class='ocrx_word' id='word_1_167' title='bbox 287 2793 404 2847; x_wconf 82' lang='lat' dir='ltr'><strong>Addixti</strong></span> <span class='ocrx_word' id='word_1_168' title='bbox 413 2810 520 2847; x_wconf 87' lang='lat' dir='ltr'><strong>servum</strong></span> <span class='ocrx_word' id='word_1_169' title='bbox 528 2795 645 2846; x_wconf 88' lang='lat' dir='ltr'><strong>nummis</strong></span> <span class='ocrx_word' id='word_1_170' title='bbox 655 2793 720 2845; x_wconf 87' lang='lat' dir='ltr'><strong>hero</strong></span> <span class='ocrx_word' id='word_1_171' title='bbox 728 2794 804 2845; x_wconf 90' lang='lat' dir='ltr'><strong>mille</strong></span> <span class='ocrx_word' id='word_1_172' title='bbox 813 2793 950 2856; x_wconf 86' lang='lat' dir='ltr'><strong>trecentis,</strong></span> 
     </span>
     <span class='ocr_line' id='line_1_34' title="bbox 327 2868 876 2935; baseline 0 -17"><span class='ocrx_word' id='word_1_173' title='bbox 327 2873 359 2919; x_wconf 86' lang='lat' dir='ltr'><strong>ut</strong></span> <span class='ocrx_word' id='word_1_174' title='bbox 367 2868 435 2921; x_wconf 86' lang='lat' dir='ltr'><strong>bene</strong></span> <span class='ocrx_word' id='word_1_175' title='bbox 446 2885 585 2934; x_wconf 85' lang='lat' dir='ltr'><strong>coenares,</strong></span> <span class='ocrx_word' id='word_1_176' title='bbox 596 2868 764 2935; x_wconf 83' lang='lat' dir='ltr'><strong>Calliodore,</strong></span> <span class='ocrx_word' id='word_1_177' title='bbox 779 2868 876 2922; x_wconf 85' lang='lat' dir='ltr'><strong>semel:</strong></span> 
     </span>
    </p>
   </div>
   <div class='ocr_carea' id='block_1_4' title="bbox 0 0 1380 3450">
    <p class='ocr_par' dir='ltr' id='par_1_4' title="bbox 0 0 1380 3450">
     <span class='ocr_line' id='line_1_35' title="bbox 0 0 1380 3450; baseline 0 0"><span class='ocrx_word' id='word_1_178' title='bbox 0 0 1380 3450; x_wconf 95' lang='lat' dir='ltr'><strong> </strong></span> 
     </span>
    </p>
   </div>
  </div>
 </body>
</html>
