2750 3450
454 342 774 393 linteaminum
791 342 861 391 bnt.
877 344 922 391 tx.
1036 343 1085 393 221

295 466 404 521 curetes
414 472 506 521 texere
516 468 608 520 levem
620 467 816 534 crepitantibus
830 468 922 531 amir,

328 544 449 596 semiviri
459 548 587 610 poterant
596 543 690 610 qualia
699 541 769 593 ferre
779 540 909 609 Phryges.

293 619 327 669 At
336 624 363 669 te
373 619 494 686 protexit
503 617 635 685 Superdm
645 623 732 685 pater,
743 622 771 667 et
779 617 839 679 tibi,
851 616 961 680 Caesar,

328 707 379 761 pru
388 692 624 760 iaeuloetparma
633 691 736 744 fulmen
746 697 773 742 et
783 693 858 758 aegis
868 697 935 742 erat.

566 781 600 818 22.
625 777 664 818 Ad
684 778 806 820 ductum.

293 842 480 895 Artemidorus
489 839 573 891 babet
581 854 707 907 puerum:
718 841 766 891 red
776 840 900 892 vendidit
910 857 1016 910 agrum:

330 932 424 985 agrum
435 932 484 984 pro
496 929 580 983 puero
591 913 767 966 Calliodorus
776 913 867 967 habet.

292 992 354 1055 Die,
365 996 425 1043 uter
435 990 541 1042 existis
551 989 648 1040 melius
658 1005 714 1040 rem
725 991 848 1057 gesserit,
859 989 960 1042 ductet

328 1064 517 1118 Artemidorus
527 1069 609 1127 amat,
620 1063 796 1117 Calliodorus
807 1070 876 1116 arat.
930 1090 937 1101 ·

553 1154 587 1194 2³.
612 1150 652 1192 Ad
670 1156 820 1206 parterm.

292 1217 388 1270 Credin
399 1216 434 1267 ob
444 1212 499 1267 hoe
508 1230 560 1277 me,
571 1219 673 1280 pastor,
685 1231 751 1282 opes
760 1214 878 1268 sonasse
887 1233 994 1285 rogare,

328 1296 441 1359 propter
451 1289 525 1357 quod
534 1289 629 1356 vulgus
640 1305 787 1357 crassaque
799 1293 880 1344 turba
889 1300 983 1361 rogat:

290 1372 322 1419 ut
331 1365 428 1418 Setina
437 1380 514 1416 meon
525 1369 667 1415 consumat
675 1365 757 1432 gleba
765 1367 880 1434 ligones,

330 1448 358 1492 et
368 1444 448 1492 sonet
456 1440 598 1490 innumera
609 1441 740 1505 compede
750 1441 856 1493 Tuscus
866 1456 943 1509 ager:

292 1520 323 1568 nt
330 1514 424 1566 Mauri
432 1513 547 1578 Libyeis
558 1519 664 1563 eentum
674 1519 747 1565 stent
756 1516 881 1566 dentibus
894 1518 983 1580 orbes,

329 1595 357 1641 et
367 1594 459 1655 erepet
467 1589 496 1639 ln
506 1588 607 1639 nostris
619 1603 703 1638 aurea
712 1588 804 1639 lamna
812 1591 895 1642 toriae

292 1679 343 1716 nee
353 1663 439 1714 labris
447 1663 500 1713 nisi
510 1677 610 1731 magna
619 1663 687 1713 meir
699 1663 831 1730 crystalla
839 1670 969 1727 terantur,
1059 1661 1061 1668 ’

331 1744 359 1791 et
368 1737 472 1790 faciant
481 1738 574 1807 nigras
583 1744 678 1790 nostra
687 1738 806 1789 Falerna
814 1740 903 1790 niveae

292 1820 324 1867 nt
334 1814 516 1866 eanrninatus
526 1818 621 1864 nostro
633 1812 719 1879 Syrus
731 1829 822 1865 assere
831 1814 918 1876 audet,

329 1895 358 1941 et
366 1904 428 1940 mea
437 1889 473 1939 eit
483 1888 555 1939 culto
567 1888 636 1938 uella
646 1887 744 1939 cliente
753 1887 893 1954 frequens:

293 1969 400 2016 aestuet
409 1968 440 2014 ut
448 1968 542 2014 nostro
553 1962 678 2014 madidus
688 1964 804 2014 conviva
813 1963 949 2026 ministro,

331 2054 410 2107 quem
421 2044 599 2105 permutatum
609 2053 659 2090 nee
669 2036 827 2105 Ganymede
837 2038 930 2088 velim:

291 2120 324 2166 ut
332 2113 467 2165 lutulenta
476 2113 546 2163 linat
555 2112 656 2179 Tyrias
666 2112 733 2164 mihi
745 2114 820 2164 mula
828 2114 962 2177 lacernae,

332 2194 359 2240 et
368 2187 537 2253 Massyleum
546 2188 625 2253 virga
633 2189 765 2255 gubernet
773 2204 880 2255 equum.

292 2261 422 2315 Ertnihil
432 2262 548 2313 existis:
563 2277 678 2328 nuperos
690 2279 722 2314 ae
731 2264 823 2314 sidera
832 2268 927 2314 testor.

330 2337 405 2405 Ergo
417 2334 498 2404 qnidl
518 2336 553 2387 Ut
564 2335 670 2401 donem,
680 2343 783 2405 pastor,
794 2344 822 2389 et
834 2337 984 2389 aedificem.
1036 2377 1039 2384 .

577 2420 611 2458 24.
635 2419 674 2459 Ad
695 2418 799 2460 Carum.

294 2479 318 2530 0
329 2481 374 2531 eni
382 2481 505 2548 virgineo
516 2478 660 2533 flavescere
671 2482 786 2547 contigit
795 2496 872 2541 auro,

332 2555 378 2606 die
387 2556 435 2606 nbi
444 2555 598 2607 Palladium
609 2558 645 2608 eit
654 2557 715 2618 tibi,
726 2554 804 2618 Care,
814 2552 914 2606 deeuti

292 2628 420 2698 Adspicit
431 2645 463 2681 en
474 2629 578 2681 domini
588 2630 721 2698 hulgenter
731 2644 866 2681 marmore
877 2629 977 2692 vultur,

331 2705 407 2756 venit
416 2704 453 2756 ad
462 2702 511 2756 hae
520 2705 593 2757 ultro
603 2711 698 2757 nostra
708 2719 811 2756 ebruna
821 2719 923 2755 aomar.

291 2778 416 2833 Albanae
426 2779 510 2831 livere
521 2785 611 2846 potest
621 2780 667 2846 pia
677 2795 791 2847 quereus
805 2779 904 2842 olivae,

331 2855 448 2908 cinxerit
456 2854 587 2908 invictum
597 2855 670 2922 qued
680 2856 758 2923 prior
766 2853 817 2906 illa
827 2859 916 2922 capnt
