2750 3450
374 337 407 386 80
666 336 883 383 manumiss

467 463 530 515 Non
539 463 638 514 miror:
653 462 731 525 illud,
744 462 884 524 Cassiane,
897 460 1030 526 mirarer,

467 541 492 591 si
502 538 670 589 fabulantem
682 537 796 588 Canium
807 536 975 603 reliquisset.

610 647 644 686 65.
669 642 708 684 Ad
727 644 937 686 Diadumenum.

378 736 459 800 Quod
470 739 557 804 spirat
566 743 661 789 tenera
671 738 773 789 malum
783 737 926 789 mordente
936 735 1046 803 puella,

414 814 488 880 quod
500 813 532 864 de'
544 814 663 880 Corycio
676 829 746 880 quae
756 815 831 864 venit
842 828 909 863 aura
920 827 1021 863 eroco:

376 891 457 941 vinea
467 889 541 954 quod
551 891 647 956 prinus
658 888 739 940 tloret
749 905 808 940 cum
821 903 889 939 cana
899 888 1036 939 racemis:

413 965 539 1031 gramina
550 966 624 1032 quod
634 964 769 1027 redolent,
782 979 851 1031 quae
864 963 948 1014 modo
961 964 1078 1030 carpsit
1089 966 1160 1017 ovis:

376 1041 450 1106 quod
461 1046 575 1106 myrtus,
587 1041 661 1106 quod
671 1055 777 1091 messor
786 1038 882 1101 Arabs,
894 1038 969 1105 quod
980 1041 1105 1091 stiecina
1114 1041 1160 1093 trit

414 1116 534 1182 pallidus
546 1115 605 1166 Eoo
616 1122 676 1166 ture
688 1115 761 1182 quod
772 1115 844 1182 ignis
858 1114 926 1176 olet3

375 1192 457 1258 gleba
468 1191 542 1257 quod
554 1192 659 1242 aestivo
671 1190 768 1242 leviter
781 1206 840 1241 cum
852 1188 993 1256 spargitur
1003 1190 1114 1256 imbre;

414 1267 488 1334 quod
499 1266 617 1316 madidis
628 1267 716 1318 nardo
726 1281 824 1332 sparsa
836 1279 940 1317 corona
951 1265 1057 1317 domist

375 1341 429 1393 hoc
438 1347 494 1404 tim,
506 1357 587 1392 saeve
598 1357 664 1408 puer
673 1341 854 1404 Diadumene,
869 1340 950 1391 basia
959 1338 1103 1409 fragrant.

415 1417 497 1480 Quid,
508 1418 533 1468 si
542 1423 603 1468 tota
614 1418 694 1469 dares
705 1418 755 1468 illa
765 1418 824 1468 sine
834 1413 958 1467 invidia?

615 1535 649 1575 66.
672 1532 704 1574 In
723 1532 755 1574 Μ.
774 1504 933 1573 hntonium.

376 1626 431 1677 Par
442 1626 531 1678 scelus
543 1627 655 1678 admisit
664 1625 775 1678 Phariis
785 1627 920 1677 Antonius
934 1627 1033 1690 armis3

415 1702 534 1754 abscidit
544 1703 635 1755 vultus
645 1704 718 1755 ensis
728 1708 841 1770 uterque
852 1717 956 1755 saeros.

376 1778 457 1842 lllud,
468 1778 622 1846 laurigeros
634 1795 729 1847 ageres
740 1795 800 1830 cum
810 1778 885 1829 laeta
893 1777 1068 1844 triumphos3

414 1852 468 1905 hoe
477 1855 538 1917 tibi,
549 1854 646 1918 Roma,
658 1861 749 1922 eaput,
761 1871 820 1906 ciani
831 1854 993 1922 loquereris,
1005 1861 1078 1906 erat.

376 1930 478 1980 Antoni
487 1935 579 1981 tamen
590 1937 632 1981 ost
641 1932 728 1997 peior,
741 1946 821 1997 quam
834 1945 918 1981 cama
927 1927 1053 1981 Pothini.

415 2004 470 2056 Hic
479 2004 587 2057 facinus
599 2006 711 2057 domino
721 2006 874 2073 praestitit3
889 2005 937 2056 ille
948 2004 1013 2056 sibi.

605 2114 641 2170 til.
666 2111 706 2153 De
726 2112 820 2165 pigris
839 2110 941 2153 nautis.

490 2188 620 2252 Cessatis,
631 2189 718 2255 ouem,
728 2187 851 2255 nihilque
860 2189 958 2251 nostis,

487 2263 610 2315 Vatreno
621 2264 798 2331 Eridanoque
807 2264 952 2331 pigriores,

490 2356 605 2408 quorum
616 2355 664 2407 per
674 2339 746 2391 vada
755 2340 837 2390 tarda
846 2340 1018 2406 navigantes,

489 2415 579 2467 lentos
589 2416 696 2484 tingitis
707 2416 741 2466 ad
754 2416 890 2466 celeusma
900 2430 1000 2465 remos.

488 2491 545 2541 lam
557 2507 645 2558 prono
656 2490 828 2542 Phaethonte
839 2491 920 2541 sudat
930 2487 1048 2554 Aethon,

489 2568 645 2633 exarsitque
656 2568 723 2629 dies,
734 2573 761 2617 et
770 2565 840 2618 hora
850 2566 940 2617 lassos

387 2637 390 2642 ⁴
488 2643 650 2711 interiungit
660 2659 746 2709 equos
757 2643 919 2693 meridiana.

487 2717 523 2767 At
533 2734 582 2768 vos
592 2725 647 2768 tam
659 2719 784 2786 placidas
794 2719 857 2785 vagi
869 2732 917 2784 per
925 2716 1014 2767 u'ndas

481 2799 542 2845 tuta
552 2794 653 2849 luditis
667 2797 758 2849 otium
769 2796 874 2847 euthia.

468 2869 537 2926 Nou
550 2880 662 2930 nautas
674 2865 748 2947 puto
763 2890 828 2937 uos,
845 2869 898 2921 sed
908 2866 1102 2931 hiiffiffl·
