2750 3450
359 405 391 456 90
645 402 860 449 maurianis
943 392 946 407 '

358 529 483 594 Indulget
493 532 582 577 tamen
592 527 638 577 ille
649 525 718 589 lovi,
732 541 782 576 nec
791 526 892 576 vertice
901 532 980 578 moto

397 608 538 653 concretas
549 602 627 667 pigro
638 601 741 667 frigore
751 601 822 650 ridet
833 615 927 666 aquas,

359 679 434 728 sidus
444 676 619 742 Hyperborei
629 675 727 726 solitus
737 676 842 725 lassare
852 674 969 738 Bootae,

396 757 423 802 et
433 751 550 801 madidis
562 749 675 800 Helicen
686 749 858 800 dissimulare
870 751 966 800 comis.

361 827 414 886 Qui
425 826 505 876 siccis
516 825 625 875 lascivit
635 825 723 892 aquis,
735 830 762 874 et
772 825 806 873 ab
818 822 926 874 aethere
936 824 1020 890 ludit,

396 902 522 966 suspicor
531 898 580 949 has
591 900 668 965 pueri
678 898 805 949 Caesaris
816 914 875 950 esse
884 899 971 950 nives.

643 991 665 1028 4.
689 983 721 1027 In
740 987 861 1028 Bassam.

452 1053 532 1113 Quod
543 1054 632 1104 sioeae
642 1053 748 1104 redolet
758 1053 836 1119 palus
845 1052 970 1115 lacunae,

452 1128 595 1179 crudarum
609 1127 724 1177 nebulae
735 1127 809 1192 quod
820 1126 990 1191 Albularum,

451 1203 573 1270 piscinae
583 1207 660 1252 vetus
671 1217 738 1251 aura
749 1201 821 1267 quod
832 1202 962 1263 marinae,

452 1276 525 1342 quod
536 1291 630 1342 pressa
639 1277 717 1342 piger
726 1274 817 1328 hircus
826 1276 856 1325 in
866 1275 982 1342 capella,

450 1351 518 1401 lassi
528 1351 673 1400 bardaicus
684 1352 757 1417 quod
769 1350 884 1412 evocati,

451 1424 524 1492 quod
534 1424 577 1475 bis
586 1425 688 1475 murice
699 1426 785 1477 vellus
795 1425 975 1491 inquinatum,

452 1500 525 1566 quod
535 1500 638 1550 ieiunia
648 1499 877 1562 sabbatariorum,

450 1581 616 1625 moestorum
627 1575 701 1640 quod
712 1573 847 1626 anhelitus
857 1587 975 1635 reorum,

452 1649 525 1716 quod
537 1664 651 1714 spureae
662 1651 781 1701 moriens
791 1649 902 1700 lucerna
911 1646 1016 1711 Ledae,

451 1725 525 1791 quod
537 1730 674 1776 ceromata
684 1724 761 1776 faece
772 1726 805 1776 de
815 1723 927 1786 Sabina,

451 1800 524 1866 quod
534 1799 622 1865 vulpis
633 1799 708 1867 fuga,
719 1802 828 1866 viperae
839 1798 937 1859 cubile,

450 1874 567 1937 mallem,
579 1888 659 1940 quam
671 1876 744 1940 quod
756 1876 822 1937 oles,
835 1873 908 1925 olere
916 1871 1016 1926 Bassa.

623 1965 643 2003 5.
669 1960 708 2001 Ad
728 1961 887 2002 Fabianum.

360 2024 410 2076 Vir
419 2026 506 2077 bonus
517 2032 545 2076 et
554 2041 664 2091 pauper,
677 2025 824 2092 linguaque
838 2028 985 2090 etpeotore
994 2039 1089 2091 verus,
1150 2085 1152 2090 ¹

398 2101 463 2165 quid
472 2101 524 2151 tibi
534 2101 584 2162 vis,
594 2100 687 2150 urbem
699 2102 754 2165 qui,
765 2100 895 2161 Fabiano,
904 2097 994 2163 petis!

361 2175 408 2240 qui
417 2189 467 2224 neo
477 2174 539 2224 leno
550 2179 636 2239 potes,
652 2190 703 2224 neo
713 2175 876 2225 comissator
884 2171 989 2235 haberi,
1005 2235 1010 2248 1

397 2263 447 2297 nee
456 2247 572 2313 pavidos
583 2249 656 2298 tristi
666 2264 733 2300 voce
744 2250 829 2299 citare
838 2263 914 2299 reos:

360 2337 410 2372 noc
419 2327 498 2387 potes
508 2335 619 2372 rrxorem
632 2323 689 2373 cari
700 2338 872 2389 eorrumpere
882 2320 978 2372 amici:

398 2411 448 2447 neo
458 2402 536 2462 potes
547 2397 668 2463 algentes
679 2398 798 2463 arrigere
809 2397 844 2448 ad
855 2396 975 2447 vetulass

360 2471 475 2521 vendere
485 2486 535 2521 neo
544 2486 629 2521 vanos
640 2472 713 2523 eirca
723 2471 842 2522 Pallatia
852 2470 955 2522 fumos:

398 2545 528 2610 plaudere
538 2560 589 2595 nec
600 2545 685 2609 Cano,
696 2545 826 2613 plaudere
835 2562 886 2597 neo
897 2540 1051 2618 Glaphyro.

363 2618 437 2670 Unde
448 2621 530 2670 miser
539 2618 631 2671 vivesl
650 2621 742 2671 Homo
754 2620 833 2683 lidus,
844 2626 932 2671 certus
942 2620 1059 2672 amiam.
1157 2612 1160 2620 '

396 2693 461 2745 Hoc
469 2692 539 2744 nihil
550 2700 598 2745 est.
619 2694 762 2762 Nunquam
773 2695 815 2746 sio
823 2692 992 2746 Philomelus
1002 2694 1070 2747 eris.

614 2787 636 2829 6.
660 2783 694 2827 In
713 2780 905 2827 lilallslanum.
987 2778 990 2786 ’

492 2850 583 2906 Credi
594 2854 711 2925 virgine
724 2850 830 2904 castior
838 2845 957 2916 punies,

484 2935 520 2982 et
530 2930 647 2986 frontis
657 2938 784 2986 tenerae
796 2924 881 2993 oupis
888 2914 999 2969 moeri.
