2750 3450
496 361 814 410 EPIGRAMMATUM
841 361 911 408 uls.
938 361 981 406 111.

393 485 531 552 viduaque
541 487 663 553 platano,
674 486 824 552 tonsilique
833 486 936 536 buxeto

392 561 503 627 ingrata
513 562 563 612 lati
575 563 666 627 spatia
676 563 780 612 detinet
791 562 893 626 campi:

393 635 443 686 sed
452 652 515 687 rure
525 653 590 687 vero
601 638 775 703 barbaroque
786 637 913 687 laetatur.

393 709 449 760 Hic
458 710 531 762 farta
542 713 672 778 premitur
683 712 784 779 angulo
796 711 877 762 Ceres
889 712 972 774 omni,

394 791 423 837 et
431 787 519 837 multa
528 786 633 853 fragrat
643 793 715 837 testa
725 787 835 838 senibus
849 789 994 838 autumnis.

394 859 449 912 llic
458 869 523 928 post
532 861 708 924 Novembres,
723 863 880 913 imminente
893 865 948 913 iam
958 863 1063 925 bruma,

395 952 471 988 seras
482 943 594 1003 putatur
604 936 732 988 horridus
742 937 826 988 refert
836 953 912 988 uvas.

395 1012 499 1063 Truces
509 1013 538 1062 in
550 1013 606 1062 alta
616 1012 688 1064 valle
699 1014 823 1080 mugiunt
832 1014 914 1077 tauri,

394 1086 550 1154 vitulusque
560 1089 657 1139 inermi
668 1086 759 1139 fronte
770 1090 857 1154 prurit
865 1089 894 1139 in
906 1103 1033 1156 pugnam.

393 1161 519 1230 Vagatur
530 1164 618 1214 omnis
628 1165 709 1213 turba
720 1164 849 1215 sordidae
861 1165 955 1228 cortis,

321 1252 323 1257 ·
394 1244 508 1306 argutus
520 1254 607 1301 anser,
619 1240 788 1306 gemmeique
798 1255 927 1305 pavones,

394 1328 547 1380 numenque
559 1314 638 1364 debet
649 1330 719 1380 quac
729 1315 888 1366 nubentibus
899 1316 1004 1381 pennis,

395 1394 423 1440 et
432 1390 508 1456 picta
518 1390 623 1456 perdix,
634 1389 850 1457 Numidicaeque
861 1396 993 1458 guttatae,

394 1469 423 1515 et
432 1465 578 1533 impiorum
590 1464 725 1530 phasiana
736 1465 909 1517 Colchorum.

394 1538 519 1591 Rhodias
530 1541 640 1606 superbi
650 1540 766 1591 sentinas
777 1547 902 1608 premunt
913 1542 994 1608 galli3

395 1620 548 1682 sonantque
558 1622 646 1666 turres
656 1616 800 1683 plausibus
812 1617 1008 1668 columbarum.

396 1689 489 1743 Gemit
499 1690 562 1743 binc
572 1692 726 1759 palumbus,
737 1692 801 1743 inde
813 1708 905 1744 cereus
917 1698 1015 1745 turtur.

393 1768 476 1819 Avidi
486 1773 636 1833 sequnntur
645 1768 756 1819 villicae
767 1768 855 1818 sinum
866 1768 957 1834 porci3

395 1848 564 1909 matremque
575 1843 684 1909 plenam
695 1843 788 1894 mullis
800 1858 886 1910 agnus
897 1850 1046 1909 exspectat.

358 1933 360 1938 ·
397 1918 516 1986 Cingunt
527 1934 651 1969 serenum
662 1919 745 1970 lactei
755 1916 847 1969 iocum
858 1933 966 1982 vernae,

396 2000 423 2045 et
432 1994 511 2061 larga
521 1992 608 2045 festos
619 1994 693 2045 lucet
703 1993 738 2045 ad
749 1992 835 2045 Lares
846 1994 926 2045 silva.

395 2068 459 2121 Non
471 2070 562 2136 segnis
574 2069 638 2121 albu
648 2069 736 2137 pallet
747 2071 805 2121 otio
818 2086 902 2136 copo:

396 2160 446 2196 nec
456 2146 546 2211 perdit
558 2145 647 2196 oleum
658 2145 779 2197 lubricus
790 2146 963 2212 palaestrita:

397 2220 444 2271 sed
454 2220 543 2271 tendit
553 2222 642 2272 avidis
652 2228 710 2272 rete
721 2221 866 2273 subdolum
875 2223 977 2285 turdis3

396 2295 546 2347 tremulave
558 2303 665 2364 captum
677 2297 752 2347 linea
761 2296 848 2347 trahit
857 2298 969 2362 piscem,

398 2376 445 2421 aut
454 2371 614 2437 impeditam
630 2373 754 2423 cassibus
765 2370 849 2423 refert
859 2372 976 2422 damam.

397 2445 514 2497 Exercet
522 2445 624 2498 hilares
633 2447 725 2498 facilis
734 2445 830 2498 hortus
838 2445 969 2509 urbanos,
1069 2439 1072 2446 ’

399 2526 425 2572 et
434 2522 598 2589 paedagogo
610 2538 665 2573 non
675 2522 786 2572 iubente
797 2522 894 2572 lascivi

399 2612 494 2663 parere
504 2598 624 2665 gaudent
634 2597 728 2648 villico
744 2597 881 2663 capillati3

399 2678 426 2723 et
436 2672 570 2724 delicatus
583 2688 664 2739 opere
675 2671 775 2723 irruitur
786 2670 933 2723 eunuchus.

398 2746 455 2799 Nec
465 2750 540 2799 venit
550 2749 640 2800 inanis
650 2747 770 2800 rusticus
781 2748 937 2802 salutaturi

392 2822 504 2874 sertille
515 2826 585 2876 ceris
597 2842 669 2881 cana
681 2845 746 2882 cum
757 2829 820 2883 suis
829 2828 931 2895 mella,
946 2867 953 2890 ,

376 2902 536 2967 metamque
545 2902 649 2960 lactis:
668 2908 829 2967 Sassinate
840 2912 878 2967 de
891 2909 974 2964 silva
