2750 3450
310 404 341 452 92
598 407 812 455 lllARTlALlS

311 529 402 586 Curre,
414 529 462 578 sed
472 530 632 592 instruetus;
649 532 792 581 comitetur
802 531 910 583 Punica
919 533 1027 585 librum

347 605 475 671 spongia:
490 605 644 655 muneribus
657 606 783 656 convenit
792 606 842 655 illa
852 609 934 658 meis.

309 677 372 729 Non
381 684 496 745 possunt
506 685 614 729 nostros
624 680 734 742 multae,
745 679 885 743 Faustina,
897 682 1007 734 liturae

347 753 489 803 emendare
499 754 590 804 iocos:
606 769 660 804 una
670 755 754 804 litura
764 759 863 821 potest.

475 845 507 886 ll.
531 840 562 883 lu
581 840 732 883 Antonium
752 841 948 884 Saturninum.

309 909 381 960 Dum
391 910 503 960 nimium
515 925 585 960 vano
596 909 759 961 tumefactus
768 909 878 960 nomine
889 913 1010 977 gaudes,

346 990 374 1036 et
383 982 558 1035 Saturninum
569 990 604 1047 te,
617 986 708 1046 miser,
720 999 778 1034 esse
788 983 885 1049 pudet:

308 1060 395 1125 impia
403 1057 552 1109 Parrhasia
560 1060 672 1110 movisti
681 1059 755 1109 bella
764 1058 813 1108 sul)
823 1073 898 1121 ursa,

348 1133 441 1200 qualia
451 1134 497 1198 qui
502 1130 624 1205 &sarias
635 1134 759 1199 coniugis
770 1148 846 1182 arma
854 1133 930 1184 tulit.

308 1208 489 1259 Excideratne
500 1207 569 1257 adeo
581 1207 665 1257 fatum
675 1208 728 1258 tibi
737 1207 854 1258 nominis
867 1205 962 1272 huius,

346 1283 437 1333 obruit
446 1282 551 1331 Actiaci
562 1282 635 1346 quod
644 1283 736 1348 gravis
745 1281 789 1332 ira
798 1280 879 1331 freti?

307 1357 348 1408 An
358 1357 410 1406 tihi
419 1357 545 1421 promisit
554 1354 671 1418 Rhenus,
683 1355 756 1422 quod
766 1371 821 1406 non
831 1355 909 1407 dedit
917 1356 965 1408 illi

346 1430 434 1492 Nilus,
446 1435 472 1479 et
481 1431 588 1480 Aretois
599 1431 660 1496 plus
670 1431 794 1481 licuisset
804 1428 901 1496 aquis?

307 1505 358 1556 llle
369 1506 450 1556 etiam
460 1505 562 1555 nostris
572 1505 706 1555 Antonius
718 1505 819 1555 oceidit
830 1505 924 1568 armis,

346 1581 392 1646 qui
402 1580 454 1630 tibi
464 1580 589 1642 collatus,
600 1579 712 1646 perfide,
724 1578 826 1629 Caesar
835 1585 904 1629 erat

577 1671 609 1709 12.
633 1667 665 1708 In
685 1666 830 1709 Thaidem.

308 1737 392 1799 Nulli,
404 1735 484 1799 Thai,
494 1751 586 1803 negas.
612 1735 665 1787 Sed
676 1737 702 1787 si
711 1742 738 1787 te
747 1752 802 1786 non
813 1735 897 1801 pudet
906 1736 994 1802 istud,
1020 1725 1023 1732 ¹

344 1809 398 1862 hoc
409 1812 505 1862 saltem
514 1813 624 1878 pudeat,
637 1810 718 1873 Thai,
728 1824 828 1877 negare
840 1807 919 1861 nihil.

309 1902 343 1941 1³.
366 1898 405 1941 Ad
425 1899 535 1948 Rufum,
560 1900 590 1940 ele
613 1900 723 1953 nuptiis
746 1898 886 1939 Pudentis
911 1905 940 1941 et
966 1897 1067 1942 Claudi

611 1955 791 2005 Peregrinae.

309 2023 433 2084 Claudia,
443 2021 521 2084 Basse,
532 2038 592 2072 meo
603 2022 681 2072 nubit
691 2021 838 2089 Peregrina
847 2020 981 2074 Pudenti:

345 2102 433 2146 macte
444 2101 501 2146 esto
512 2097 610 2158 taedis,
622 2112 638 2147 o
649 2096 818 2162 Hymenaee,
826 2098 891 2147 tuis.

272 2224 286 2234 ,
309 2173 377 2221 Tam
387 2171 455 2221 bene
466 2186 528 2220 rara
538 2187 587 2221 suo
599 2172 745 2222 miscentur
758 2173 883 2222 cinnama
893 2171 996 2236 nardo,

344 2245 466 2296 Massica
477 2244 590 2295 Theseis
601 2251 656 2295 tam
667 2247 735 2297 hene
746 2247 810 2297 vina
820 2245 899 2296 favis.

309 2319 367 2371 Nec
376 2321 472 2371 melius
483 2321 583 2370 teneris
593 2322 741 2387 irmgnntur
749 2322 850 2371 vitibus
862 2320 938 2383 ulmi,

346 2411 396 2446 nec
407 2395 468 2460 plus
478 2396 552 2446 lotus
563 2409 657 2461 aquas,
668 2391 753 2445 litor'a
761 2401 866 2461 myrtus
877 2401 961 2445 amat.

309 2468 434 2520 Candida
443 2475 573 2535 perpetuo
584 2470 681 2533 reside,
697 2469 861 2532 Concordia,
871 2469 955 2532 lecto,

346 2550 454 2610 tamque
464 2546 525 2610 pari
536 2559 641 2611 semper
651 2546 688 2594 sit
697 2542 789 2595 Venus
800 2559 887 2610 aequa
896 2544 974 2611 ingo.

308 2617 416 2684 Diligat
425 2619 475 2669 illu
485 2634 575 2669 senem
586 2619 736 2685 quondam:
752 2619 799 2669 sed
810 2619 908 2684 etipsa
918 2620 1031 2683 marito,

346 2698 410 2743 tame
420 2708 528 2760 quoque
538 2708 598 2744 cum
608 2692 699 2758 fucrit,
712 2709 767 2745 non
777 2694 903 2743 videatur
913 2708 993 2745 anus.

585 2789 619 2830 14.
646 2784 687 2829 Ad
708 2782 823 2831 Silium.

391 2849 449 2942 Sili
463 2854 648 2912 Castalidum
661 2859 752 2913 decus
762 2867 911 2914 sororum,

379 2942 430 2996 ΨΜ
439 2936 582 3001 Periuria
593 2939 724 2995 barbari
736 2933 855 2992 fuor'a
