<?xml version="1.0" encoding="UTF-8"?>
<!DOCTYPE html PUBLIC "-//W3C//DTD XHTML 1.0 Transitional//EN"
    "http://www.w3.org/TR/xhtml1/DTD/xhtml1-transitional.dtd">
<html xmlns="http://www.w3.org/1999/xhtml" xml:lang="en" lang="en">
 <head>
  <title>
</title>
<meta http-equiv="Content-Type" content="text/html;charset=utf-8" />
  <meta name='ocr-system' content='tesseract 3.04.00' />
  <meta name='ocr-capabilities' content='ocr_page ocr_carea ocr_par ocr_line ocrx_word'/>
</head>
<body>
  <div class='ocr_page' id='page_1' title='image "./mvaleriimartial03martgoog_0155.png"; bbox 0 0 2750 3450; ppageno 0'>
   <div class='ocr_carea' id='block_1_1' title="bbox 585 355 800 401">
    <p class='ocr_par' dir='ltr' id='par_1_1' title="bbox 585 355 800 401">
     <span class='ocr_line' id='line_1_1' title="bbox 585 355 800 401; baseline 0 0"><span class='ocrx_word' id='word_1_1' title='bbox 585 355 636 401; x_wconf 75' lang='lat' dir='ltr'><strong>MA</strong></span> <span class='ocrx_word' id='word_1_2' title='bbox 646 355 800 401; x_wconf 72' lang='lat' dir='ltr'><strong>uulnuls</strong></span> 
     </span>
    </p>
   </div>
   <div class='ocr_carea' id='block_1_2' title="bbox 297 473 1037 2953">
    <p class='ocr_par' dir='ltr' id='par_1_2' title="bbox 297 473 1037 2953">
     <span class='ocr_line' id='line_1_2' title="bbox 568 473 818 517; baseline -0.004 -1"><span class='ocrx_word' id='word_1_3' title='bbox 568 478 602 516; x_wconf 72' lang='grc'><strong>31.</strong></span> <span class='ocrx_word' id='word_1_4' title='bbox 626 475 659 517; x_wconf 93' lang='lat' dir='ltr'><strong>ln</strong></span> <span class='ocrx_word' id='word_1_5' title='bbox 678 473 818 516; x_wconf 79' lang='lat' dir='ltr'><strong>Carinum.</strong></span> 
     </span>
     <span class='ocr_line' id='line_1_3' title="bbox 405 542 912 609; baseline 0.004 -16"><span class='ocrx_word' id='word_1_6' title='bbox 405 542 478 594; x_wconf 87' lang='lat' dir='ltr'><strong>Secti</strong></span> <span class='ocrx_word' id='word_1_7' title='bbox 489 543 597 609; x_wconf 87' lang='lat' dir='ltr'><strong>podicis</strong></span> <span class='ocrx_word' id='word_1_8' title='bbox 606 558 691 609; x_wconf 88' lang='lat' dir='ltr'><strong>usque</strong></span> <span class='ocrx_word' id='word_1_9' title='bbox 702 543 737 592; x_wconf 89' lang='lat' dir='ltr'><strong>ad</strong></span> <span class='ocrx_word' id='word_1_10' title='bbox 751 542 912 595; x_wconf 83' lang='lat' dir='ltr'><strong>umbilicum</strong></span> 
     </span>
     <span class='ocr_line' id='line_1_4' title="bbox 405 616 878 683; baseline -0.002 -15"><span class='ocrx_word' id='word_1_11' title='bbox 405 619 494 668; x_wconf 91' lang='lat' dir='ltr'><strong>nullas</strong></span> <span class='ocrx_word' id='word_1_12' title='bbox 504 617 645 683; x_wconf 83' lang='lat' dir='ltr'><strong>relliquias</strong></span> <span class='ocrx_word' id='word_1_13' title='bbox 655 616 737 667; x_wconf 85' lang='lat' dir='ltr'><strong>habet</strong></span> <span class='ocrx_word' id='word_1_14' title='bbox 748 616 878 668; x_wconf 89' lang='lat' dir='ltr'><strong>Carinus:</strong></span> 
     </span>
     <span class='ocr_line' id='line_1_5' title="bbox 405 691 956 758; baseline 0.004 -15"><span class='ocrx_word' id='word_1_15' title='bbox 405 699 431 743; x_wconf 89' lang='lat' dir='ltr'><strong>et</strong></span> <span class='ocrx_word' id='word_1_16' title='bbox 441 693 528 758; x_wconf 88' lang='lat' dir='ltr'><strong>prurit</strong></span> <span class='ocrx_word' id='word_1_17' title='bbox 536 698 627 743; x_wconf 88' lang='lat' dir='ltr'><strong>tamen</strong></span> <span class='ocrx_word' id='word_1_18' title='bbox 637 708 723 758; x_wconf 88' lang='lat' dir='ltr'><strong>usque</strong></span> <span class='ocrx_word' id='word_1_19' title='bbox 733 691 768 741; x_wconf 91' lang='lat' dir='ltr'><strong>ad</strong></span> <span class='ocrx_word' id='word_1_20' title='bbox 780 692 956 745; x_wconf 85' lang='lat' dir='ltr'><strong>umbilicum.</strong></span> 
     </span>
     <span class='ocr_line' id='line_1_6' title="bbox 406 765 870 834; baseline 0.002 -18"><span class='ocrx_word' id='word_1_21' title='bbox 406 768 429 816; x_wconf 91' lang='lat'>0</span> <span class='ocrx_word' id='word_1_22' title='bbox 441 774 542 834; x_wconf 90' lang='lat' dir='ltr'><strong>quanta</strong></span> <span class='ocrx_word' id='word_1_23' title='bbox 552 767 644 817; x_wconf 86' lang='lat' dir='ltr'><strong>scabie</strong></span> <span class='ocrx_word' id='word_1_24' title='bbox 655 767 737 816; x_wconf 88' lang='lat' dir='ltr'><strong>miser</strong></span> <span class='ocrx_word' id='word_1_25' title='bbox 747 765 870 817; x_wconf 78' lang='lat' dir='ltr'><strong>laborati</strong></span> 
     </span>
     <span class='ocr_line' id='line_1_7' title="bbox 407 839 981 903; baseline 0.005 -11"><span class='ocrx_word' id='word_1_26' title='bbox 407 842 503 892; x_wconf 81' lang='lat' dir='ltr'><strong>Culum</strong></span> <span class='ocrx_word' id='word_1_27' title='bbox 513 858 567 892; x_wconf 90' lang='lat' dir='ltr'><strong>non</strong></span> <span class='ocrx_word' id='word_1_28' title='bbox 579 839 670 903; x_wconf 89' lang='lat' dir='ltr'><strong>habet,</strong></span> <span class='ocrx_word' id='word_1_29' title='bbox 682 846 824 891; x_wconf 84' lang='lat' dir='ltr'><strong>esttamen</strong></span> <span class='ocrx_word' id='word_1_30' title='bbox 834 842 981 895; x_wconf 81' lang='lat' dir='ltr'><strong>cinaedus.</strong></span> 
     </span>
     <span class='ocr_line' id='line_1_8' title="bbox 537 926 1021 981; baseline -0.002 -11"><span class='ocrx_word' id='word_1_31' title='bbox 537 932 571 970; x_wconf 83' lang='grc'><strong>38.</strong></span> <span class='ocrx_word' id='word_1_32' title='bbox 596 929 635 970; x_wconf 81' lang='lat' dir='ltr'><strong>Dc</strong></span> <span class='ocrx_word' id='word_1_33' title='bbox 654 926 723 968; x_wconf 81' lang='lat' dir='ltr'><strong>filio</strong></span> <span class='ocrx_word' id='word_1_34' title='bbox 741 926 848 979; x_wconf 79' lang='lat' dir='ltr'><strong>Reguli.</strong></span> <span class='ocrx_word' id='word_1_35' title='bbox 1018 974 1021 981; x_wconf 36' lang='lat'><em>¹</em></span> 
     </span>
     <span class='ocr_line' id='line_1_9' title="bbox 297 995 1001 1066; baseline 0.003 -17"><span class='ocrx_word' id='word_1_36' title='bbox 297 999 432 1063; x_wconf 80' lang='lat' dir='ltr'><strong>Adspicis,</strong></span> <span class='ocrx_word' id='word_1_37' title='bbox 442 1004 472 1049; x_wconf 89' lang='lat' dir='ltr'><strong>ut</strong></span> <span class='ocrx_word' id='word_1_38' title='bbox 482 1013 590 1063; x_wconf 80' lang='lat' dir='ltr'><strong>parvus,</strong></span> <span class='ocrx_word' id='word_1_39' title='bbox 601 1013 652 1046; x_wconf 83' lang='lat' dir='ltr'><strong>nec</strong></span> <span class='ocrx_word' id='word_1_40' title='bbox 662 995 751 1046; x_wconf 88' lang='lat' dir='ltr'><strong>adhuc</strong></span> <span class='ocrx_word' id='word_1_41' title='bbox 760 997 903 1048; x_wconf 81' lang='lat' dir='ltr'><strong>trieteride</strong></span> <span class='ocrx_word' id='word_1_42' title='bbox 914 999 1001 1066; x_wconf 85' lang='lat' dir='ltr'><strong>plena</strong></span> 
     </span>
     <span class='ocr_line' id='line_1_10' title="bbox 334 1071 928 1140; baseline 0.002 -18"><span class='ocrx_word' id='word_1_43' title='bbox 334 1074 453 1140; x_wconf 82' lang='lat' dir='ltr'><strong>Regulus</strong></span> <span class='ocrx_word' id='word_1_44' title='bbox 464 1074 586 1122; x_wconf 87' lang='lat' dir='ltr'><strong>auditum</strong></span> <span class='ocrx_word' id='word_1_45' title='bbox 596 1071 689 1121; x_wconf 91' lang='lat' dir='ltr'><strong>laudet</strong></span> <span class='ocrx_word' id='word_1_46' title='bbox 698 1077 725 1121; x_wconf 92' lang='lat' dir='ltr'><strong>et</strong></span> <span class='ocrx_word' id='word_1_47' title='bbox 734 1072 793 1136; x_wconf 89' lang='lat' dir='ltr'><strong>ipse</strong></span> <span class='ocrx_word' id='word_1_48' title='bbox 805 1072 928 1136; x_wconf 73' lang='lat' dir='ltr'><strong>petreml</strong></span> 
     </span>
     <span class='ocr_line' id='line_1_11' title="bbox 298 1145 939 1213; baseline 0.002 -16"><span class='ocrx_word' id='word_1_49' title='bbox 298 1155 489 1213; x_wconf 87' lang='lat' dir='ltr'><strong>maternosque</strong></span> <span class='ocrx_word' id='word_1_50' title='bbox 497 1148 572 1196; x_wconf 90' lang='lat' dir='ltr'><strong>sinus</strong></span> <span class='ocrx_word' id='word_1_51' title='bbox 582 1146 642 1196; x_wconf 87' lang='lat' dir='ltr'><strong>viso</strong></span> <span class='ocrx_word' id='word_1_52' title='bbox 653 1147 778 1212; x_wconf 76' lang='lat' dir='ltr'><strong>genitore</strong></span> <span class='ocrx_word' id='word_1_53' title='bbox 787 1145 939 1213; x_wconf 75' lang='lat' dir='ltr'><strong>relinquat,</strong></span> 
     </span>
     <span class='ocr_line' id='line_1_12' title="bbox 336 1218 852 1287; baseline -0.004 -15"><span class='ocrx_word' id='word_1_54' title='bbox 336 1230 362 1273; x_wconf 87' lang='lat' dir='ltr'><strong>et</strong></span> <span class='ocrx_word' id='word_1_55' title='bbox 372 1223 476 1287; x_wconf 88' lang='lat' dir='ltr'><strong>patrias</strong></span> <span class='ocrx_word' id='word_1_56' title='bbox 487 1221 582 1271; x_wconf 88' lang='lat' dir='ltr'><strong>laudes</strong></span> <span class='ocrx_word' id='word_1_57' title='bbox 593 1221 694 1270; x_wconf 88' lang='lat' dir='ltr'><strong>sentiat</strong></span> <span class='ocrx_word' id='word_1_58' title='bbox 703 1235 763 1270; x_wconf 88' lang='lat' dir='ltr'><strong>esse</strong></span> <span class='ocrx_word' id='word_1_59' title='bbox 771 1218 852 1270; x_wconf 71' lang='lat' dir='ltr'><strong>masi</strong></span> 
     </span>
     <span class='ocr_line' id='line_1_13' title="bbox 301 1295 1037 1361; baseline 0.003 -14"><span class='ocrx_word' id='word_1_60' title='bbox 301 1299 357 1347; x_wconf 91' lang='lat' dir='ltr'><strong>lam</strong></span> <span class='ocrx_word' id='word_1_61' title='bbox 369 1297 480 1357; x_wconf 87' lang='lat' dir='ltr'><strong>clamor,</strong></span> <span class='ocrx_word' id='word_1_62' title='bbox 492 1300 652 1360; x_wconf 82' lang='lat' dir='ltr'><strong>centumque</strong></span> <span class='ocrx_word' id='word_1_63' title='bbox 662 1296 723 1356; x_wconf 88' lang='lat' dir='ltr'><strong>viri,</strong></span> <span class='ocrx_word' id='word_1_64' title='bbox 734 1295 902 1361; x_wconf 73' lang='lat' dir='ltr'><strong>densumque</strong></span> <span class='ocrx_word' id='word_1_65' title='bbox 914 1311 1037 1349; x_wconf 78' lang='lat' dir='ltr'><strong>coronae</strong></span> 
     </span>
     <span class='ocr_line' id='line_1_14' title="bbox 336 1368 879 1437; baseline -0.004 -16"><span class='ocrx_word' id='word_1_66' title='bbox 336 1371 441 1437; x_wconf 85' lang='lat' dir='ltr'><strong>vulgus,</strong></span> <span class='ocrx_word' id='word_1_67' title='bbox 455 1376 481 1420; x_wconf 89' lang='lat' dir='ltr'><strong>et</strong></span> <span class='ocrx_word' id='word_1_68' title='bbox 490 1368 589 1419; x_wconf 86' lang='lat' dir='ltr'><strong>infanti</strong></span> <span class='ocrx_word' id='word_1_69' title='bbox 599 1369 670 1419; x_wconf 80' lang='lat' dir='ltr'><strong>lulis</strong></span> <span class='ocrx_word' id='word_1_70' title='bbox 678 1375 752 1420; x_wconf 86' lang='lat' dir='ltr'><strong>tecta</strong></span> <span class='ocrx_word' id='word_1_71' title='bbox 761 1370 879 1435; x_wconf 75' lang='lat' dir='ltr'><strong>placent.</strong></span> 
     </span>
     <span class='ocr_line' id='line_1_15' title="bbox 300 1444 987 1511; baseline 0.003 -16"><span class='ocrx_word' id='word_1_72' title='bbox 300 1446 376 1496; x_wconf 73' lang='lat' dir='ltr'><strong>Acris</strong></span> <span class='ocrx_word' id='word_1_73' title='bbox 388 1446 449 1510; x_wconf 91' lang='lat' dir='ltr'><strong>equi</strong></span> <span class='ocrx_word' id='word_1_74' title='bbox 462 1444 573 1495; x_wconf 82' lang='lat' dir='ltr'><strong>soboles</strong></span> <span class='ocrx_word' id='word_1_75' title='bbox 583 1459 683 1510; x_wconf 88' lang='lat' dir='ltr'><strong>magno</strong></span> <span class='ocrx_word' id='word_1_76' title='bbox 694 1445 735 1495; x_wconf 88' lang='lat' dir='ltr'><strong>sio</strong></span> <span class='ocrx_word' id='word_1_77' title='bbox 744 1445 856 1510; x_wconf 87' lang='lat' dir='ltr'><strong>pulvere</strong></span> <span class='ocrx_word' id='word_1_78' title='bbox 866 1446 987 1511; x_wconf 81' lang='lat' dir='ltr'><strong>gaudet3</strong></span> 
     </span>
     <span class='ocr_line' id='line_1_16' title="bbox 337 1517 888 1585; baseline -0.004 -15"><span class='ocrx_word' id='word_1_79' title='bbox 337 1521 378 1570; x_wconf 89' lang='lat' dir='ltr'><strong>sic</strong></span> <span class='ocrx_word' id='word_1_80' title='bbox 387 1520 488 1570; x_wconf 89' lang='lat' dir='ltr'><strong>vitulus</strong></span> <span class='ocrx_word' id='word_1_81' title='bbox 498 1520 576 1569; x_wconf 87' lang='lat' dir='ltr'><strong>malli</strong></span> <span class='ocrx_word' id='word_1_82' title='bbox 586 1519 693 1585; x_wconf 90' lang='lat' dir='ltr'><strong>proelia</strong></span> <span class='ocrx_word' id='word_1_83' title='bbox 702 1517 793 1571; x_wconf 78' lang='lat' dir='ltr'><strong>fronte</strong></span> <span class='ocrx_word' id='word_1_84' title='bbox 804 1521 888 1585; x_wconf 84' lang='lat' dir='ltr'><strong>cupit.</strong></span> 
     </span>
     <span class='ocr_line' id='line_1_17' title="bbox 300 1593 978 1663; baseline 0.001 -18"><span class='ocrx_word' id='word_1_85' title='bbox 300 1596 345 1658; x_wconf 85' lang='lat' dir='ltr'><strong>Di,</strong></span> <span class='ocrx_word' id='word_1_86' title='bbox 357 1602 470 1656; x_wconf 88' lang='lat' dir='ltr'><strong>servate,</strong></span> <span class='ocrx_word' id='word_1_87' title='bbox 482 1609 586 1660; x_wconf 86' lang='lat' dir='ltr'><strong>precor,</strong></span> <span class='ocrx_word' id='word_1_88' title='bbox 597 1595 678 1643; x_wconf 89' lang='lat' dir='ltr'><strong>matri</strong></span> <span class='ocrx_word' id='word_1_89' title='bbox 688 1609 739 1645; x_wconf 87' lang='lat' dir='ltr'><strong>sua</strong></span> <span class='ocrx_word' id='word_1_90' title='bbox 749 1598 823 1655; x_wconf 89' lang='lat' dir='ltr'><strong>vota,</strong></span> <span class='ocrx_word' id='word_1_91' title='bbox 834 1593 978 1663; x_wconf 85' lang='lat' dir='ltr'><strong>patrique,</strong></span> 
     </span>
     <span class='ocr_line' id='line_1_18' title="bbox 338 1667 862 1738; baseline -0.004 -19"><span class='ocrx_word' id='word_1_92' title='bbox 338 1670 433 1720; x_wconf 88' lang='lat' dir='ltr'><strong>audiat</strong></span> <span class='ocrx_word' id='word_1_93' title='bbox 442 1674 472 1718; x_wconf 91' lang='lat' dir='ltr'><strong>ut</strong></span> <span class='ocrx_word' id='word_1_94' title='bbox 481 1674 574 1719; x_wconf 89' lang='lat' dir='ltr'><strong>natum</strong></span> <span class='ocrx_word' id='word_1_95' title='bbox 584 1668 713 1738; x_wconf 82' lang='lat' dir='ltr'><strong>Regulus,</strong></span> <span class='ocrx_word' id='word_1_96' title='bbox 723 1667 773 1719; x_wconf 92' lang='lat' dir='ltr'><strong>illa</strong></span> <span class='ocrx_word' id='word_1_97' title='bbox 783 1668 862 1719; x_wconf 86' lang='lat' dir='ltr'><strong>duos.</strong></span> 
     </span>
     <span class='ocr_line' id='line_1_19' title="bbox 579 1755 811 1799; baseline 0 -1"><span class='ocrx_word' id='word_1_98' title='bbox 579 1760 614 1799; x_wconf 78' lang='grc'><strong>39.</strong></span> <span class='ocrx_word' id='word_1_99' title='bbox 638 1755 669 1798; x_wconf 88' lang='lat' dir='ltr'><strong>ln</strong></span> <span class='ocrx_word' id='word_1_100' title='bbox 689 1757 811 1799; x_wconf 79' lang='lat' dir='ltr'><strong>Cinnam.</strong></span> 
     </span>
     <span class='ocr_line' id='line_1_20' title="bbox 355 1825 997 1894; baseline 0 -16"><span class='ocrx_word' id='word_1_101' title='bbox 355 1827 437 1878; x_wconf 87' lang='lat' dir='ltr'><strong>Pater</strong></span> <span class='ocrx_word' id='word_1_102' title='bbox 447 1842 480 1878; x_wconf 86' lang='lat' dir='ltr'><strong>ex</strong></span> <span class='ocrx_word' id='word_1_103' title='bbox 489 1825 618 1889; x_wconf 87' lang='lat' dir='ltr'><strong>Marulla,</strong></span> <span class='ocrx_word' id='word_1_104' title='bbox 630 1826 727 1889; x_wconf 78' lang='lat' dir='ltr'><strong>Cinna,</strong></span> <span class='ocrx_word' id='word_1_105' title='bbox 737 1825 827 1878; x_wconf 76' lang='lat' dir='ltr'><strong>factm</strong></span> <span class='ocrx_word' id='word_1_106' title='bbox 837 1842 867 1877; x_wconf 80' lang='lat' dir='ltr'><strong>es</strong></span> <span class='ocrx_word' id='word_1_107' title='bbox 880 1832 997 1894; x_wconf 79' lang='lat' dir='ltr'><strong>septem,</strong></span> 
     </span>
     <span class='ocr_line' id='line_1_21' title="bbox 355 1902 1009 1970; baseline 0.005 -19"><span class='ocrx_word' id='word_1_108' title='bbox 355 1919 409 1952; x_wconf 94' lang='lat' dir='ltr'><strong>non</strong></span> <span class='ocrx_word' id='word_1_109' title='bbox 419 1902 579 1952; x_wconf 85' lang='lat' dir='ltr'><strong>liberorum:</strong></span> <span class='ocrx_word' id='word_1_110' title='bbox 591 1917 708 1966; x_wconf 86' lang='lat' dir='ltr'><strong>namque</strong></span> <span class='ocrx_word' id='word_1_111' title='bbox 718 1917 768 1951; x_wconf 88' lang='lat' dir='ltr'><strong>neo</strong></span> <span class='ocrx_word' id='word_1_112' title='bbox 778 1907 841 1952; x_wconf 86' lang='lat' dir='ltr'><strong>tuus</strong></span> <span class='ocrx_word' id='word_1_113' title='bbox 851 1902 1009 1970; x_wconf 80' lang='lat' dir='ltr'><strong>quisquam,</strong></span> 
     </span>
     <span class='ocr_line' id='line_1_22' title="bbox 355 1976 828 2041; baseline -0.004 -15"><span class='ocrx_word' id='word_1_114' title='bbox 355 1993 405 2026; x_wconf 89' lang='lat' dir='ltr'><strong>uec</strong></span> <span class='ocrx_word' id='word_1_115' title='bbox 416 1983 456 2026; x_wconf 89' lang='lat' dir='ltr'><strong>est</strong></span> <span class='ocrx_word' id='word_1_116' title='bbox 467 1977 557 2037; x_wconf 89' lang='lat' dir='ltr'><strong>amici,</strong></span> <span class='ocrx_word' id='word_1_117' title='bbox 569 1976 674 2028; x_wconf 82' lang='lat' dir='ltr'><strong>filiusve</strong></span> <span class='ocrx_word' id='word_1_118' title='bbox 685 1976 781 2027; x_wconf 89' lang='lat' dir='ltr'><strong>vicini:</strong></span> <span class='ocrx_word' id='word_1_119' title='bbox 826 2036 828 2041; x_wconf 28' lang='grc' dir='ltr'>Ι</span> 
     </span>
     <span class='ocr_line' id='line_1_23' title="bbox 356 2049 917 2118; baseline -0.002 -17"><span class='ocrx_word' id='word_1_120' title='bbox 356 2051 403 2101; x_wconf 88' lang='lat' dir='ltr'><strong>sed</strong></span> <span class='ocrx_word' id='word_1_121' title='bbox 414 2051 443 2100; x_wconf 91' lang='lat' dir='ltr'><strong>in</strong></span> <span class='ocrx_word' id='word_1_122' title='bbox 452 2049 574 2117; x_wconf 82' lang='lat' dir='ltr'><strong>grabatis</strong></span> <span class='ocrx_word' id='word_1_123' title='bbox 584 2051 773 2118; x_wconf 82' lang='lat' dir='ltr'><strong>tegetibusque</strong></span> <span class='ocrx_word' id='word_1_124' title='bbox 788 2051 917 2116; x_wconf 83' lang='lat' dir='ltr'><strong>concepti</strong></span> 
     </span>
     <span class='ocr_line' id='line_1_24' title="bbox 356 2122 914 2191; baseline -0.002 -17"><span class='ocrx_word' id='word_1_125' title='bbox 356 2130 479 2176; x_wconf 89' lang='lat' dir='ltr'><strong>materna</strong></span> <span class='ocrx_word' id='word_1_126' title='bbox 489 2124 607 2190; x_wconf 87' lang='lat' dir='ltr'><strong>produnt</strong></span> <span class='ocrx_word' id='word_1_127' title='bbox 618 2126 754 2191; x_wconf 86' lang='lat' dir='ltr'><strong>capitibus</strong></span> <span class='ocrx_word' id='word_1_128' title='bbox 764 2125 821 2173; x_wconf 89' lang='lat' dir='ltr'><strong>suis</strong></span> <span class='ocrx_word' id='word_1_129' title='bbox 830 2122 914 2174; x_wconf 81' lang='lat' dir='ltr'><strong>furta.</strong></span> 
     </span>
     <span class='ocr_line' id='line_1_25' title="bbox 356 2199 923 2265; baseline 0.002 -17"><span class='ocrx_word' id='word_1_130' title='bbox 356 2199 419 2260; x_wconf 88' lang='lat' dir='ltr'><strong>Hic,</strong></span> <span class='ocrx_word' id='word_1_131' title='bbox 431 2200 477 2265; x_wconf 90' lang='lat' dir='ltr'><strong>qui</strong></span> <span class='ocrx_word' id='word_1_132' title='bbox 487 2206 590 2249; x_wconf 85' lang='lat' dir='ltr'><strong>retorto</strong></span> <span class='ocrx_word' id='word_1_133' title='bbox 603 2203 676 2249; x_wconf 82' lang='lat' dir='ltr'><strong>crine</strong></span> <span class='ocrx_word' id='word_1_134' title='bbox 686 2200 799 2249; x_wconf 80' lang='lat' dir='ltr'><strong>Maurus</strong></span> <span class='ocrx_word' id='word_1_135' title='bbox 809 2199 923 2263; x_wconf 89' lang='lat' dir='ltr'><strong>incedit,</strong></span> 
     </span>
     <span class='ocr_line' id='line_1_26' title="bbox 357 2273 910 2325; baseline -0.004 0"><span class='ocrx_word' id='word_1_136' title='bbox 357 2274 480 2325; x_wconf 86' lang='lat' dir='ltr'><strong>sobolem</strong></span> <span class='ocrx_word' id='word_1_137' title='bbox 491 2273 592 2324; x_wconf 83' lang='lat' dir='ltr'><strong>fatetur</strong></span> <span class='ocrx_word' id='word_1_138' title='bbox 602 2290 662 2324; x_wconf 87' lang='lat' dir='ltr'><strong>esse</strong></span> <span class='ocrx_word' id='word_1_139' title='bbox 673 2290 702 2324; x_wconf 89' lang='lat' dir='ltr'><strong>se</strong></span> <span class='ocrx_word' id='word_1_140' title='bbox 713 2275 771 2325; x_wconf 85' lang='lat' dir='ltr'><strong>coci</strong></span> <span class='ocrx_word' id='word_1_141' title='bbox 784 2273 910 2325; x_wconf 81' lang='lat' dir='ltr'><strong>Santrae.</strong></span> 
     </span>
     <span class='ocr_line' id='line_1_27' title="bbox 357 2349 841 2415; baseline 0.002 -17"><span class='ocrx_word' id='word_1_142' title='bbox 357 2350 391 2398; x_wconf 79' lang='lat' dir='ltr'><strong>At</strong></span> <span class='ocrx_word' id='word_1_143' title='bbox 401 2349 447 2399; x_wconf 86' lang='lat' dir='ltr'><strong>ille</strong></span> <span class='ocrx_word' id='word_1_144' title='bbox 458 2350 527 2398; x_wconf 88' lang='lat' dir='ltr'><strong>sima</strong></span> <span class='ocrx_word' id='word_1_145' title='bbox 536 2364 610 2410; x_wconf 88' lang='lat' dir='ltr'><strong>nare,</strong></span> <span class='ocrx_word' id='word_1_146' title='bbox 621 2349 737 2415; x_wconf 83' lang='lat' dir='ltr'><strong>turgidis</strong></span> <span class='ocrx_word' id='word_1_147' title='bbox 747 2349 841 2410; x_wconf 86' lang='lat' dir='ltr'><strong>labris,</strong></span> 
     </span>
     <span class='ocr_line' id='line_1_28' title="bbox 356 2423 896 2490; baseline -0.002 -17"><span class='ocrx_word' id='word_1_148' title='bbox 356 2425 418 2489; x_wconf 84' lang='lat' dir='ltr'><strong>ipsu</strong></span> <span class='ocrx_word' id='word_1_149' title='bbox 428 2430 468 2473; x_wconf 87' lang='lat' dir='ltr'><strong>est</strong></span> <span class='ocrx_word' id='word_1_150' title='bbox 478 2424 571 2489; x_wconf 84' lang='lat' dir='ltr'><strong>imago</strong></span> <span class='ocrx_word' id='word_1_151' title='bbox 585 2423 698 2474; x_wconf 85' lang='lat' dir='ltr'><strong>Pannici</strong></span> <span class='ocrx_word' id='word_1_152' title='bbox 710 2424 896 2490; x_wconf 87' lang='lat' dir='ltr'><strong>palaestritae.</strong></span> 
     </span>
     <span class='ocr_line' id='line_1_29' title="bbox 357 2498 864 2564; baseline 0 -17"><span class='ocrx_word' id='word_1_153' title='bbox 357 2498 473 2548; x_wconf 87' lang='lat' dir='ltr'><strong>Pistoris</strong></span> <span class='ocrx_word' id='word_1_154' title='bbox 485 2514 544 2548; x_wconf 84' lang='lat' dir='ltr'><strong>esse</strong></span> <span class='ocrx_word' id='word_1_155' title='bbox 553 2500 662 2549; x_wconf 85' lang='lat' dir='ltr'><strong>tertium</strong></span> <span class='ocrx_word' id='word_1_156' title='bbox 674 2500 735 2564; x_wconf 83' lang='lat' dir='ltr'><strong>quis</strong></span> <span class='ocrx_word' id='word_1_157' title='bbox 745 2499 864 2564; x_wconf 89' lang='lat' dir='ltr'><strong>ignorat,</strong></span> 
     </span>
     <span class='ocr_line' id='line_1_30' title="bbox 358 2572 985 2640; baseline 0.005 -18"><span class='ocrx_word' id='word_1_158' title='bbox 358 2574 511 2638; x_wconf 89' lang='lat' dir='ltr'><strong>quicunque</strong></span> <span class='ocrx_word' id='word_1_159' title='bbox 520 2573 623 2640; x_wconf 88' lang='lat' dir='ltr'><strong>lippum</strong></span> <span class='ocrx_word' id='word_1_160' title='bbox 635 2575 713 2624; x_wconf 86' lang='lat' dir='ltr'><strong>novit</strong></span> <span class='ocrx_word' id='word_1_161' title='bbox 726 2578 753 2623; x_wconf 88' lang='lat' dir='ltr'><strong>ct</strong></span> <span class='ocrx_word' id='word_1_162' title='bbox 762 2573 837 2623; x_wconf 88' lang='lat' dir='ltr'><strong>videt</strong></span> <span class='ocrx_word' id='word_1_163' title='bbox 846 2572 985 2625; x_wconf 73' lang='lat' dir='ltr'><strong>Damam!</strong></span> 
     </span>
     <span class='ocr_line' id='line_1_31' title="bbox 359 2647 951 2712; baseline 0.005 -16"><span class='ocrx_word' id='word_1_164' title='bbox 359 2648 486 2709; x_wconf 71' lang='lat' dir='ltr'><strong>Quartus,</strong></span> <span class='ocrx_word' id='word_1_165' title='bbox 499 2649 612 2699; x_wconf 66' lang='lat' dir='ltr'><strong>curanda</strong></span> <span class='ocrx_word' id='word_1_166' title='bbox 622 2647 721 2708; x_wconf 86' lang='lat' dir='ltr'><strong>fronte,</strong></span> <span class='ocrx_word' id='word_1_167' title='bbox 734 2648 852 2698; x_wconf 84' lang='lat' dir='ltr'><strong>candido</strong></span> <span class='ocrx_word' id='word_1_168' title='bbox 863 2649 951 2712; x_wconf 73' lang='lat' dir='ltr'><strong>uultu,</strong></span> 
     </span>
     <span class='ocr_line' id='line_1_32' title="bbox 353 2722 884 2789; baseline -0.008 -14"><span class='ocrx_word' id='word_1_169' title='bbox 353 2722 554 2777; x_wconf 77' lang='lat' dir='ltr'><strong>exconcubina</strong></span> <span class='ocrx_word' id='word_1_170' title='bbox 565 2730 647 2776; x_wconf 86' lang='lat' dir='ltr'><strong>natus</strong></span> <span class='ocrx_word' id='word_1_171' title='bbox 657 2724 760 2776; x_wconf 85' lang='lat' dir='ltr'><strong>esttibi</strong></span> <span class='ocrx_word' id='word_1_172' title='bbox 771 2722 884 2789; x_wconf 77' lang='lat' dir='ltr'><strong>Lygdor</strong></span> 
     </span>
     <span class='ocr_line' id='line_1_33' title="bbox 340 2799 898 2870; baseline -0.011 -16"><span class='ocrx_word' id='word_1_173' title='bbox 340 2802 473 2870; x_wconf 59' lang='lat' dir='ltr'><strong>pacida,</strong></span> <span class='ocrx_word' id='word_1_174' title='bbox 483 2804 512 2858; x_wconf 88' lang='lat' dir='ltr'><strong>si</strong></span> <span class='ocrx_word' id='word_1_175' title='bbox 522 2805 565 2859; x_wconf 79' lang='lat' dir='ltr'><strong>vis</strong></span> <span class='ocrx_word' id='word_1_176' title='bbox 580 2804 682 2868; x_wconf 80' lang='lat' dir='ltr'><strong>illium,</strong></span> <span class='ocrx_word' id='word_1_177' title='bbox 691 2799 772 2854; x_wconf 84' lang='lat' dir='ltr'><strong>nelas</strong></span> <span class='ocrx_word' id='word_1_178' title='bbox 780 2815 837 2850; x_wconf 83' lang='lat' dir='ltr'><strong>uun</strong></span> <span class='ocrx_word' id='word_1_179' title='bbox 845 2804 898 2850; x_wconf 60' lang='lat' dir='ltr'><strong>est„</strong></span> 
     </span>
     <span class='ocr_line' id='line_1_34' title="bbox 333 2873 972 2953; baseline 0.003 -22"><span class='ocrx_word' id='word_1_180' title='bbox 333 2877 427 2934; x_wconf 85' lang='lat' dir='ltr'><strong>Hunc</strong></span> <span class='ocrx_word' id='word_1_181' title='bbox 439 2899 523 2953; x_wconf 81' lang='lat' dir='ltr'><strong>vcro,</strong></span> <span class='ocrx_word' id='word_1_182' title='bbox 537 2893 628 2941; x_wconf 67' lang='lat' dir='ltr'><strong>accitu</strong></span> <span class='ocrx_word' id='word_1_183' title='bbox 639 2882 736 2952; x_wconf 84' lang='lat' dir='ltr'><strong>capite</strong></span> <span class='ocrx_word' id='word_1_184' title='bbox 747 2884 777 2932; x_wconf 81' lang='lat' dir='ltr'><strong>et</strong></span> <span class='ocrx_word' id='word_1_185' title='bbox 790 2873 972 2930; x_wconf 63' lang='lat' dir='ltr'><strong>axuubwluffi</strong></span> 
     </span>
    </p>
   </div>
   <div class='ocr_carea' id='block_1_3' title="bbox 0 0 1395 3450">
    <p class='ocr_par' dir='ltr' id='par_1_3' title="bbox 0 0 1395 3450">
     <span class='ocr_line' id='line_1_35' title="bbox 0 0 1395 3450; baseline 0 0"><span class='ocrx_word' id='word_1_186' title='bbox 0 0 1395 3450; x_wconf 95' lang='lat' dir='ltr'><strong> </strong></span> 
     </span>
    </p>
   </div>
  </div>
 </body>
</html>
