2750 3450
443 350 763 407 arroaaarararuar
789 361 858 409 ma.
884 361 951 409 xlv,
1044 360 1092 411 361

594 483 630 523 ¹15.
653 479 794 523 Luscinia

296 574 360 624 Flet
369 571 521 625 Philomela
530 571 608 624 nesae
618 574 717 625 incesti
726 574 842 625 Tereos:
858 579 886 625 et
896 588 964 641 quae

336 653 412 699 muta
422 649 514 714 pirella
522 646 583 712 fuit,
594 648 706 716 garrula
714 647 800 699 fertur
811 649 878 700 avie.

625 773 658 811 16.
682 769 759 811 Pica.

296 862 365 913 Pica
374 863 478 930 loquax
489 870 563 916 certa
573 863 712 916 dominum
723 867 750 912 te
763 877 831 913 voce
841 861 945 915 saluto:

335 937 478 990 simeron
486 938 590 1003 videas,
600 953 660 990 eree
669 936 783 1004 negabis
794 952 879 988 avem.

552 1063 587 1102 11.
613 1059 705 1101 Cavea
723 1059 833 1101 eborea.

297 1151 330 1204 Si
339 1151 391 1203 tibi
399 1152 464 1204 talio
476 1154 536 1216 erit,
547 1153 654 1220 qualem
665 1152 767 1203 dilecta
778 1151 886 1203 Catullo

334 1225 438 1279 Lesbia
446 1228 584 1294 plorabat,
593 1226 638 1279 hie
648 1226 772 1278 habitare
782 1233 881 1294 potest.

567 1335 602 1375 18.
626 1330 817 1374 Narthecium.

295 1425 370 1476 Artis
381 1425 447 1477 ebur
456 1427 579 1478 medicae
589 1423 731 1477 narthecia
741 1427 829 1477 cernis
839 1423 939 1477 habere

333 1515 453 1564 munera,
464 1515 534 1568 quae
545 1506 654 1566 cuperet
663 1499 776 1551 Pactius
785 1513 844 1551 esse
853 1517 912 1551 sua.

605 1607 641 1648 19.
664 1602 775 1657 Flagra.

294 1697 398 1750 Ludite
407 1698 513 1763 lascivi,
524 1699 572 1752 aed
582 1703 686 1750 tautum
698 1697 793 1761 ludite,
804 1699 888 1749 eervh

334 1771 402 1825 haec
412 1775 521 1843 signata
530 1773 597 1826 mihi
608 1774 726 1841 quinque
737 1772 833 1824 diebare
843 1778 928 1824 erunt

596 1882 629 1922 8⁰.
654 1874 786 1921 Ferulae.

293 1972 402 2025 luvieae
412 1974 524 2023 nimium
536 1973 636 2039 pueris,
646 1978 796 2039 grataeque
805 1973 953 2039 magistris,

333 2047 408 2098 clara
418 2046 580 2100 Prometheo
590 2062 701 2098 munere
711 2048 787 2115 ligna
796 2063 897 2100 eumue.

619 2156 654 2195 81.
676 2152 757 2196 l‘era.

294 2243 321 2296 N
322 2260 337 2295 e
346 2245 472 2295 mendica
481 2244 552 2296 ferat
561 2246 669 2297 barbati
678 2247 796 2313 prandia
805 2246 880 2310 nudi,

332 2319 451 2371 domriat
461 2325 488 2371 et
496 2321 593 2372 tetrico
605 2336 664 2372 cum
675 2337 751 2385 cane,
764 2337 830 2387 pera
839 2326 929 2389 rogat-

602 2430 635 2469 82.
661 2424 776 2481 Scopae.

293 2518 325 2569 ln
335 2519 425 2586 pretio
436 2534 534 2585 scopae
544 2519 761 2587 testaturpalma
771 2518 870 2569 farieee:

333 2594 392 2645 otia
402 2594 450 2645 eed
461 2595 553 2660 scopia
563 2610 633 2645 nune
644 2593 770 2644 analecta
780 2593 891 2645 dabunt

561 2702 594 2741 8³.
619 2696 819 2754 Scalptorium.

294 2786 432 2841 Defendet
440 2806 536 2843 manue
545 2789 615 2844 haee
625 2791 756 2860 scapulae
763 2790 1045 2844 morueuteraaXeuxu

320 2864 421 2928 Paliae,
435 2867 478 2919 vel
487 2868 515 2921 ei
526 2869 596 2939 quid
607 2870 704 2941 pulice
713 2869 878 2925 eororam
