2750 3450
271 358 276 365 '
340 358 391 411 364
610 361 829 411 unnmuls

545 485 593 524 1⁰2.
618 476 733 525 filices
750 481 922 526 Surrentini.

341 576 440 642 Accipe
448 590 504 627 nou
513 575 563 626 viii
573 575 674 626 calices
684 575 718 626 de
728 574 838 642 pulvere
847 580 942 627 natos:

291 661 295 667 ·
377 649 427 702 sed
436 648 610 701 Surrentinae
620 650 698 701 laeve
706 655 833 701 toreuma
840 655 930 702 rotae.

573 774 620 813 103.
643 769 739 813 Colum
756 770 903 814 nivarium.

341 864 461 929 Setinos,
471 879 580 927 moneo,
589 870 686 916 noetus
694 865 757 917 nive
765 863 861 932 frange
870 865 999 916 trientesr

377 940 541 1008 pauperiore
550 954 626 991 mero
634 941 740 1008 tingere
749 939 904 1006 iinapetes.

561 1065 608 1104 101.
630 1060 736 1104 Sreenr
754 1061 890 1104 nimius

339 1155 487 1206 Attenuare
497 1154 574 1205 nives
583 1159 684 1205 norunt
693 1159 722 1204 et
729 1155 816 1206 lintea
824 1159 935 1206 nostrae

377 1229 507 1297 frigidior
516 1228 579 1280 eolo
590 1244 645 1280 non
654 1228 721 1280 salit
729 1230 803 1281 unda
810 1234 870 1280 tuo.

522 1337 570 1376 105.
593 1331 713 1376 Urceoli
732 1333 948 1377 ministratorii.

339 1428 455 1496 Frigido
464 1442 520 1478 non
530 1426 609 1488 desit,
621 1441 676 1477 non
687 1426 775 1479 deerit
783 1426 864 1478 ealda
872 1428 991 1494 petentia

378 1503 427 1553 sed
436 1507 467 1553 tu
475 1515 588 1552 morosa
597 1500 690 1552 ludere
700 1515 782 1568 paree
791 1502 848 1554 siti.

578 1609 625 1649 100.
648 1606 758 1650 Urceus
775 1604 893 1650 fictilis

341 1701 397 1753 Hie
405 1700 458 1753 tibi
469 1700 587 1753 donatur
595 1699 688 1767 pande
696 1700 885 1754 ruberureeue
895 1715 978 1753 ansa:

378 1776 488 1829 Stoicus
497 1772 550 1828 hoo
559 1776 678 1844 gelidam
687 1776 793 1829 Fronto
804 1776 916 1843 petebat
925 1791 1037 1845 aquam.

638 1885 685 1925 107.
710 1880 832 1924 celethi.

339 1976 398 2029 Nos
410 1974 513 2041 Satyri,
523 1990 574 2026 uos
583 1972 708 2026 Bacchus
719 1980 802 2038 amat,
813 1990 863 2026 nos
874 1974 953 2028 ebria
961 1976 1053 2044 tigris,

377 2050 503 2118 perfusos
514 2050 618 2101 domini
627 2049 748 2101 lambere
758 2050 840 2102 docta
850 2050 944 2117 pedes.

554 2158 601 2196 108.
625 2152 740 2196 Celiees
758 2153 919 2207 Saguntini.

341 2248 419 2311 Quae
428 2262 484 2299 uon
493 2246 629 2298 sollicitus
639 2253 732 2299 teneat
741 2254 882 2316 servetque
891 2249 1028 2314 minister,

378 2338 453 2375 sume
463 2320 615 2389 Saguntino
625 2322 727 2388 poeula
736 2322 801 2375 fleta
809 2323 879 2375 luto.

563 2429 611 2469 100.
636 2425 749 2470 Calices
767 2428 907 2481 gemmati.

341 2520 512 2572 Gemmatum
522 2517 658 2587 Scythicis
667 2526 699 2571 ut
708 2521 799 2572 luceat
804 2522 915 2589 ignibus
925 2538 1032 2586 aarum,

377 2596 497 2663 adspice.
519 2594 594 2656 Quot
603 2596 708 2663 digitos
719 2598 795 2647 exuit
803 2598 857 2649 iste
867 2594 956 2656 calix!¹

557 2702 606 2742 110.
631 2697 766 2755 Ampulla
783 2702 905 2756 potoria.

328 2794 396 2849 Hae
406 2795 475 2850 licet
484 2796 514 2851 iu
524 2811 647 2868 gemma,
657 2810 729 2863 quae
737 2793 1062 2855 seruatuoxnxnussomi„

360 2874 530 2947 luxuriose,
541 2876 642 2941 bibas,
652 2870 795 2926 siioiiata
802 2866 877 2918 sitis.
