2750 3450
431 421 750 468 EPIGRAllllllATUlll
779 422 848 468 ΗΒ.
876 421 919 467 111.
1037 417 1070 467 85

336 561 387 596 nos
398 547 568 608 accubamus,
579 550 614 607 et,
625 546 761 595 silentium
771 543 880 595 ronchis

335 625 475 686 praestare
484 621 561 681 iussi,
572 619 681 669 nutibus
692 620 875 685 propinamus.

335 693 398 745 Hos
407 692 572 744 Malchionis
583 694 701 759 patimur
709 694 827 759 improbi
836 692 936 756 fastum

335 782 387 819 nec
395 768 543 830 vindicare,
553 766 634 832 Rufe,
641 782 798 833 possumus;
808 765 893 816 fellat.

545 875 578 913 83.
600 870 632 912 In
652 869 798 913 Coclitem.

282 947 319 999 Ut
328 946 428 999 faciam
437 948 565 999 breviora
574 963 667 998 mones
678 947 883 1014 epigrammata,
894 945 998 996 Cocles.

318 1022 376 1073 Fac
386 1020 461 1085 mihi,
471 1022 544 1088 quod
555 1020 666 1072 Chione.
687 1020 750 1072 Non
759 1022 837 1088 potui
846 1021 962 1071 brevius.

518 1130 551 1169 84.
574 1125 606 1167 In
625 1125 832 1178 Tongillonsm.

375 1201 447 1263 Quid
457 1208 550 1253 narrat
558 1210 607 1252 tua
615 1199 744 1253 moechal
763 1217 818 1252 non
828 1200 947 1268 puellam

374 1277 440 1340 dixi,
452 1277 609 1344 Tongilion.
639 1276 712 1338 Quid
722 1275 804 1343 ergol
822 1275 952 1342 linguam.

549 1385 582 1423 85.
606 1381 646 1422 Ad
665 1382 800 1422 maritum.

283 1455 353 1517 Quis
362 1456 414 1506 tibi
423 1457 559 1522 persuasit
566 1472 645 1506 nares
656 1457 814 1507 abscindere
823 1453 954 1507 moecho?

318 1527 381 1581 Non
392 1529 443 1581 hac
452 1538 590 1596 peccatum
602 1537 644 1582 est
652 1536 738 1597 parte,
749 1533 855 1593 marite,
868 1530 928 1580 tibi.

281 1605 379 1666 Stulte,
390 1603 455 1671 qnid
465 1603 563 1671 egistil
583 1604 649 1655 nihil
659 1603 705 1655 hic
713 1611 762 1655 tua
771 1605 891 1671 perdidit
900 1618 977 1664 uxor,

318 1694 380 1731 cum
390 1679 427 1730 sit
437 1679 513 1730 salva
523 1679 565 1730 sui
575 1679 695 1731 mentula
707 1678 854 1745 Deiphobi.

477 1774 510 1813 86-
535 1771 574 1813 Ao
594 1780 699 1814 castam
718 1779 877 1814 matronam.

279 1846 324 1899 Ne
333 1846 437 1913 legeres
447 1854 550 1914 partem
561 1848 666 1910 lascivi,
679 1854 763 1910 casta,
774 1847 870 1909 libelli,

318 1922 444 1993 praedixi
454 1928 482 1972 et
490 1921 640 1973 monuistu
650 1928 749 1985 tamen,
760 1938 831 1985 ecce,
842 1921 920 1987 legis.

279 1996 337 2049 Sed
347 1997 372 2046 si
381 1994 567 2060 Panniculum,
577 1997 602 2047 si
613 2003 728 2064 spectas,
740 2002 824 2059 casta,
835 1995 976 2057 Latinum;

319 2086 376 2121 non
386 2075 448 2121 sunt
457 2069 524 2122 haec
533 2072 622 2122 mimis
633 2073 815 2137 improbiora:
830 2072 898 2137 lege.

554 2161 587 2200 8'l.
612 2158 643 2200 ln
661 2158 799 2202 Chionen.

280 2235 387 2288 Narrat
395 2240 422 2285 te
433 2249 533 2297 rumor,
544 2232 655 2297 Chione,
665 2251 802 2301 nunquam
812 2250 871 2286 esse
880 2234 1005 2295 fututam,

319 2313 402 2375 atque
410 2308 479 2359 nihil
490 2324 576 2360 cunno
587 2311 679 2375 purius
691 2325 749 2360 esse
759 2315 816 2361 tuo.

278 2386 370 2436 Tecta
379 2388 469 2434 tamen
479 2398 534 2433 non
543 2380 604 2445 hac,
615 2398 668 2449 qua
679 2383 769 2446 debes,
780 2389 857 2449 parte
869 2381 979 2432 lavaris.

319 2456 351 2509 Si
360 2458 449 2524 pudor
459 2462 507 2520 est,
518 2456 634 2508 transfer
644 2457 766 2524 subligar
775 2459 804 2508 in
817 2456 924 2507 faciem.

482 2548 515 2587 88.
530 2544 561 2586 In
580 2546 687 2587 fratrer
706 2542 868 2585 fellatores.

277 2622 353 2675 Sunt
361 2621 462 2688 gemini
471 2620 578 2683 fratres,
589 2622 698 2672 diversa
707 2619 755 2671 sed
764 2620 877 2685 inguina
887 2618 999 2685 lingunt.

318 2695 421 2759 Dicite,
433 2694 578 2746 dissimiles
589 2696 643 2746 sint
652 2694 750 2762 magis,
764 2709 798 2743 an
809 2691 928 2745 similesl

540 2786 573 2825 88.
599 2783 638 2826 Ad
659 2784 816 2829 Phoebum.

266 2856 349 2904 Utere
354 2854 481 2918 lentiscis,
494 2862 671 2918 etmollibns
681 2871 766 2921 utere
775 2865 905 2920 malnis:

286 2939 354 2973 nam
361 2925 464 2980 taciem
488 2934 601 3007 dimum,
613 2940 755 3015 Phoebe,
771 2938 1038 3002 cacantishabea·
