2750 3450
310 383 359 435 340
494 431 499 439 ‚
597 386 811 432 ursmarus

610 509 644 546 28.
670 503 811 568 coctana..

310 600 388 652 Haec
397 601 448 651 tibi
460 615 529 667 quae
539 606 613 652 torta
623 604 754 649 venerunt
764 599 877 650 condita
887 608 971 662 meta,

347 676 371 726 si
382 676 489 726 maiora
499 675 589 725 forent
599 681 722 735 coctana,
734 673 800 723 ficus
809 679 897 724 eraut.

529 799 563 838 29.
586 795 678 837 Pruna
697 795 881 837 Damascena.

311 891 401 942 Pruna
411 891 570 957 peregrinae
581 889 652 939 can’e
662 902 765 954 rugosa
778 896 906 940 senectae

347 981 435 1017 sume:
451 966 540 1017 solent
550 964 611 1014 duri
621 963 727 1014 solvere
736 964 839 1014 ventris
850 980 929 1015 onus.

540 1090 575 1129 ³⁰.
601 1085 706 1127 Caseus
724 1084 872 1127 Lunensis.

311 1182 413 1233 Caseus
422 1180 555 1230 Etruscae
566 1181 688 1246 signatus
698 1179 817 1245 imagine
827 1178 925 1231 Lunae

347 1255 498 1323 praestabit
507 1256 599 1322 pueris
609 1253 726 1320 prandia
735 1254 808 1304 mille
818 1255 884 1305 tuis.

540 1363 574 1400 31.
601 1359 707 1401 Caseus
725 1359 870 1401 Vestinus

310 1455 340 1508 Si
352 1456 410 1506 sine
421 1468 501 1505 carne
511 1453 587 1504 voles
595 1453 736 1504 ientacula
745 1468 850 1503 sumere
860 1451 945 1520 frugi,

346 1529 415 1581 haec
423 1528 475 1580 tibi
484 1525 598 1579 Vestino
609 1528 643 1579 de
651 1543 733 1595 grege
743 1542 836 1578 massa
843 1529 928 1578 venia

490 1678 495 1689 ⁸
513 1637 548 1675 32.
572 1633 677 1676 Caseus
697 1631 895 1699 Velabrgnsis.

309 1729 371 1782 Nun
383 1743 567 1797 quemcunque
577 1726 678 1790 iocum,
688 1733 850 1780 nocturnum
862 1743 961 1781 caseus
972 1746 1075 1783 omnem

346 1805 395 1856 scd
405 1802 597 1855 Velabrensem
609 1804 744 1869 quibibit,
755 1803 802 1854 ille
812 1804 894 1868 sapit.

540 1912 574 1949 33.
599 1907 681 1950 Casei
703 1906 871 1950 Trebulani.

310 2003 430 2055 Trebula
439 2018 490 2054 nos
499 2002 604 2068 genuit3
622 2001 1019 2072 commendatgraticduplex.

346 2080 402 2129 sive
412 2078 467 2128 levi
476 2076 594 2139 flamma,
605 2077 662 2128 sive
673 2078 816 2128 domamur
826 2091 907 2143 aqua.

627 2185 661 2225 34.
685 2182 778 2224 Bulbi.

309 2278 376 2328 Cum
386 2278 423 2327 sit
433 2292 500 2326 anus
511 2277 620 2338 coniux,
634 2282 662 2327 et
671 2278 727 2327 sint
734 2276 786 2327 tibi
795 2282 904 2327 mortua
914 2279 1048 2342 membra,

345 2352 385 2403 nil
396 2352 471 2402 aliud
481 2351 573 2402 bulbis
586 2366 667 2418 quam
678 2357 754 2403 satur
763 2367 823 2401 esse
832 2357 920 2417 putes.
965 2380 974 2394 ·

598 2461 633 2499 35.
657 2457 808 2500 Lucanica.

308 2551 382 2601 Filia
391 2550 509 2602 Picenae
519 2551 599 2602 venio
609 2551 751 2602 Lucanica
760 2564 874 2617 porcae:

345 2625 465 2691 pultibus
476 2624 539 2677 hinc
548 2627 635 2678 niveis
645 2632 725 2694 grata
735 2640 839 2677 corona
849 2624 939 2677 datur.

621 2735 655 2774 36.
678 2730 784 2775 olivae.

308 2824 392 2885 Haec,
405 2838 473 2890 quac
484 2825 592 2877 Picenis
603 2827 678 2877 venit
687 2826 821 2877 subducta
828 2828 956 2893 trapetis,

339 2897 463 2965 inchoat,
475 2906 557 2969 atque
568 2901 664 2953 eciem
674 2902 735 2952 (init
745 2902 819 2952 oliva
829 2902 923 2966 dapes.
