2750 3450
365 370 415 422 ²92
652 369 869 418 maurinus

364 493 484 547 truditur
493 498 521 544 et
531 492 626 561 digitis
636 508 777 559 pannucea
785 492 906 544 mentula
915 492 1009 557 lassis,

401 584 451 620 uec
461 568 535 620 levat
545 567 706 618 exstinctum
717 568 869 619 sollicitata
879 573 969 634 caput.

367 642 440 704 Quid
449 644 564 694 miseros
575 641 677 693 frustra
687 658 790 693 cunnos
800 643 931 708 culosque
941 643 1076 695 lacessis!

404 717 515 768 Summa
524 722 615 784 petas:
629 716 691 767 illic
698 717 819 767 mentula
829 716 897 767 vivit
906 731 984 767 unus.

625 841 661 880 st.
684 837 716 880 lu
735 837 898 880 Blattsran.

366 932 465 983 Omnia
474 931 600 984 femineis
610 947 694 1000 quare
705 931 807 983 dilecta
820 932 937 983 catervis

402 1007 502 1059 balnea
512 1007 617 1058 devitat
625 1004 769 1058 Blattaral
788 1022 822 1057 ne
831 1006 931 1057 inruat.

365 1084 420 1134 Cur
429 1097 479 1133 nec
488 1081 621 1147 Pompeia
630 1082 720 1133 lentus
728 1082 864 1147 spatiatur
875 1081 905 1130 ln
913 1080 1021 1144 umbra,

321 1142 333 1167 ¹
401 1172 451 1208 nec
461 1157 531 1223 petit
539 1155 685 1207 Inachidos
697 1153 808 1207 limina!
827 1153 968 1206 neiutuat

365 1231 419 1283 Cur
429 1229 651 1282 Lacedaemonio
662 1231 764 1281 luteum
775 1235 912 1281 ceromate
921 1244 1022 1296 eorpus

401 1303 539 1372 perfundit
548 1303 641 1371 gelida
650 1303 772 1372 virginei
791 1303 932 1356 ueiutuat.

365 1381 432 1430 Cum
442 1380 483 1430 sic
492 1377 604 1429 feminei
612 1380 719 1446 generis
730 1381 860 1447 contagia
868 1379 946 1441 vitet,

402 1470 449 1504 cur
460 1453 540 1520 lingit
549 1467 664 1503 cunnum
674 1452 816 1504 Blattarat
835 1468 869 1506 ne
878 1451 977 1504 iutuat.

576 1571 611 1610 4⁸.
634 1567 667 1609 lu
685 1566 787 1610 Silium
806 1565 948 1610 Italicum.

365 1660 450 1712 Silius
460 1658 529 1712 haec
538 1661 630 1729 magni
641 1660 762 1713 celebrat
770 1666 945 1713 monumenta
954 1659 1092 1728 Maronis,

402 1738 498 1803 iugera
506 1736 618 1787 facundi
628 1738 676 1803 qui
686 1737 828 1789 Ciceronis
838 1735 929 1787 hebet.

363 1811 500 1862 Heredem
511 1812 705 1878 dominumque
715 1813 758 1863 sui
768 1811 898 1862 tumulive
908 1809 1025 1863 Larisve

401 1901 457 1937 nou
468 1886 553 1937 alium
561 1886 656 1937 mallet
674 1902 725 1938 nec
734 1886 824 1949 Maro,
834 1901 884 1937 nec
894 1885 1001 1963 Cicero.

659 1994 695 2033 49.
718 1989 758 2033 De
778 1989 860 2033 Silio.

363 2082 420 2134 lam
431 2099 516 2149 prope
526 2084 649 2135 desertos
660 2084 773 2147 cineres,
784 2090 811 2135 ct
820 2089 916 2135 sancta
925 2083 1052 2136 Maronis

399 2159 512 2209 nomina
521 2160 568 2224 qui
580 2159 682 2210 coleret
691 2174 803 2225 pauper,
814 2166 842 2209 ct
851 2174 919 2209 unus
930 2168 998 2210 erat„

364 2231 449 2283 Silius
461 2238 571 2299 optatae
581 2249 738 2285 succurrere
749 2234 855 2284 censuit
863 2233 985 2297 umbrae,

402 2306 485 2358 Silius
495 2312 523 2358 et
532 2313 630 2371 vatem,
640 2324 696 2361 nou
706 2310 797 2359 minor
805 2309 874 2375 ipse,
883 2308 956 2358 tulit

630 2418 665 2456 50.
690 2413 722 2456 ln
741 2410 887 2465 l'lryllirla.

363 2504 447 2555 Nulla
458 2511 499 2556 est
508 2503 577 2557 hora
586 2508 638 2558 tibi
648 2523 703 2573 qua
712 2523 767 2558 non
776 2522 828 2569 me,
839 2505 940 2573 Phylli,
951 2503 1086 2560 furentem

400 2579 550 2645 despolies:
567 2587 645 2632 tanta
655 2582 807 2633 calliditate
816 2583 901 2648 rapis.

362 2651 441 2703 Nunc
450 2654 542 2719 plorat
551 2657 662 2722 speculo
673 2656 760 2707 fallax
771 2656 873 2707 ancilla
881 2656 994 2709 relicto:

400 2741 507 2793 gemma
516 2729 559 2780 vel
570 2746 587 2780 a
597 2731 695 2797 digito,
706 2733 749 2781 vel
760 2732 835 2782 cadit
845 2745 908 2782 aure
918 2730 1000 2798 lapis.

362 2799 441 2852 Nunc
449 2802 552 2854 furtiva
561 2804 630 2856 lucri
641 2806 701 2856 fieri
710 2806 877 2872 bombycina
886 2812 1015 2872 possunt:

397 2874 537 2943 profertur
547 2877 639 2930 Cosmi
649 2896 720 2931 nuuc
729 2878 797 2931 mihi
806 2881 895 2932 siccus
910 2896 994 2949 onyx.
