2750 3450
434 357 752 407 EPlGRAMMATUM
776 360 843 407 ΗΒ.
864 360 918 407 Vll.
1025 357 1075 411 183

492 482 527 521 15.
552 478 583 521 In
602 492 681 522 annm
702 481 863 525 deformem.

273 551 327 606 vis
338 552 409 606 firtui
419 557 514 620 gratis,
527 572 587 606 curn
597 556 636 607 ais
646 555 778 608 dclonnis
788 572 918 624 anusque.

314 628 370 681 Res
379 630 547 697 perridicula
557 636 614 681 est:
628 631 670 681 vis
681 631 755 694 (lare,
767 647 817 683 nec
827 632 892 684 (lare
902 633 953 684 vis.

515 738 549 779 lo.
575 735 615 776 Al
633 733 836 777 Philoromum.

407 808 489 871 Quod
498 817 525 862 te
536 813 669 879 diripiunt
679 812 848 878 potentiores

405 901 454 951 per
464 888 598 950 convivia,
609 888 741 953 porticus,
751 885 868 950 theatra,

406 965 434 1010 et
442 965 540 1024 tecum,
552 963 660 1027 quotics
670 962 711 1011 ita
721 961 854 1024 incidisti,

405 1037 509 1102 gestari
517 1037 601 1099 iuvat,
613 1042 641 1086 et
649 1037 728 1087 iuvat
735 1035 837 1087 lavari:

405 1108 495 1160 nolito
505 1112 617 1161 nimium
626 1111 679 1161 tibi
688 1111 806 1177 placere.

405 1181 543 1249 Delectas,
554 1184 725 1237 Philomuse:
745 1202 800 1237 non
813 1185 922 1237 amaris.

556 1291 592 1330 Π.
615 1288 646 1330 In
666 1289 794 1332 Tuccam.

274 1365 383 1432 Exigis,
393 1369 425 1415 ut
433 1369 543 1416 nostros
554 1365 652 1416 donem
661 1366 722 1428 tlbi,
735 1367 836 1430 lincea,
846 1366 965 1419 libellos.

313 1438 500 1491 Noalaciam:
520 1455 583 1491 narn
592 1441 635 1491 vis
644 1441 769 1504 vendere,
779 1457 835 1492 non
844 1441 942 1508 legere.

552 1547 586 1586 la.
610 1542 642 1585 In
660 1543 800 1598 Paullum.

276 1621 345 1672 Cum
356 1618 487 1671 Saxetani
496 1625 615 1687 ponatur
625 1621 714 1673 cauda
723 1621 828 1684 lacerti,

314 1701 343 1747 ct
351 1696 420 1747 bene
430 1696 455 1747 si
466 1711 575 1759 coenas,
586 1692 699 1747 conchis
709 1697 821 1747 inuncta
829 1696 882 1752 tibi
892 1702 947 1749 cst:

276 1787 381 1834 sumen,
392 1787 496 1838 aprum,
506 1772 636 1838 leporem,
648 1770 767 1833 boletos,
780 1776 878 1834 ostrea,
889 1773 989 1824 mullos

270 1914 277 1928 ⁸
315 1846 411 1898 mittis.
435 1845 530 1897 Habes
539 1861 591 1897 nec
600 1861 657 1909 cor,
668 1844 773 1912 Papile‚
783 1860 834 1896 nec
842 1846 961 1913 genium.

544 1954 578 1994 19.
603 1950 642 1992 Ad
662 1950 803 1993 Severum.

387 2026 486 2079 Potavi
494 2028 578 2079 modo
590 2028 734 2079 consulare
744 2026 844 2077 vinum.

389 2101 514 2166 Quaeris,
526 2117 606 2169 quarn
617 2108 695 2153 vetus
711 2106 792 2166 atque
802 2098 932 2151 libcralcl

387 2176 452 2243 lpso
463 2177 574 2228 consule
585 2177 737 2228 cmaditnrn:
758 2176 805 2226 scd
816 2176 885 2243 ipse,

387 2253 435 2318 qui
443 2252 573 2318 ponebat,
584 2258 651 2316 erat,
662 2251 770 2313 Severe,
782 2250 885 2301 consul.

275 2370 310 2409 80.
340 2365 378 2406 Au
402 2364 579 2415 Faustinum,
607 2362 782 2462 ananellos
811 2376 876 2407 snos
903 2362 1072 2408 Marcellino

542 2430 544 2433 '
620 2434 654 2463 mr
689 2432 725 2462 a.

276 2498 418 2561 Quatenus
429 2497 564 2564 Odrysios
574 2497 630 2548 iam
640 2512 696 2563 pax
705 2492 830 2547 Romana
839 2495 957 2547 Triones

312 2577 457 2639 temperat,
468 2575 496 2622 et
504 2571 618 2622 tetricae
629 2572 784 2623 conticuere
792 2571 884 2632 tubae,

274 2646 347 2698 hunc
356 2646 520 2697 Marcellino
531 2645 644 2713 poteris,
654 2644 794 2707 Faustino,
805 2645 929 2696 libellum

312 2721 435 2773 mittere:
455 2722 511 2771 iam
523 2718 634 2782 chartis,
645 2720 701 2769 iam
712 2719 848 2771 vacatillc
857 2720 939 2771 iocis.

275 2795 331 2849 Sed
340 2797 365 2848 si
375 2810 462 2863 parua
470 2796 511 2846 tui
520 2794 681 2846 munuscula
691 2795 803 2863 quaeris
812 2795 902 2848 amici

305 2869 506 2935 commendare,
516 2869 594 2923 ferat
602 2872 734 2927 carmina
743 2877 848 2928 nostra
855 2888 946 2944 nutu·-
