2750 3450
307 344 355 398 tii
591 343 807 390 masurius

501 465 536 506 46.
558 462 686 513 Persica,
705 460 906 517 Nueipersica.

306 559 382 612 Vilia
391 558 521 609 maternis
530 556 667 608 fueramus
677 570 834 622 praecoqua
843 558 943 609 ramis:

344 649 415 685 uuus
423 634 453 684 in
464 633 602 699 adoptivis
612 631 723 683 Persica
733 646 798 682 cara
807 646 909 683 sumus.

540 741 575 779 4³.
598 736 689 778 Panes
707 736 864 778 Picentini.

308 831 450 883 Picentina
461 830 541 882 Ceres
551 831 631 881 uiveo
642 830 683 880 sio
692 835 801 879 nectare
811 830 921 893 erescit,

344 912 375 957 ut
384 906 452 957 levis
463 910 575 972 aeoeptu
585 905 703 972 spongia
710 909 801 971 turget
814 919 897 971 aqua.

622 1013 656 1051 48.
680 1006 784 1050 Boleti.

303 1083 453 1174 ¹Argentum
473 1108 555 1170 utque
574 1118 683 1166 aurum,
702 1102 786 1153 facile
805 1107 860 1164 est,
881 1102 1034 1171 laeuamqu

345 1255 464 1304 mittere:
480 1252 588 1304 boletos
598 1253 706 1303 mittere
715 1191 914 1302 diffieddldd‘ddm

599 1360 634 1399 49.
657 1355 802 1399 Ficeduls.

309 1453 375 1504 Cum
385 1467 428 1503 me
438 1451 504 1502 licus
516 1450 581 1513 alat,
594 1465 655 1500 cum
665 1464 764 1517 pascar
774 1449 900 1503 dulcibus
910 1451 987 1512 uvis3

346 1543 393 1578 cur
403 1527 495 1593 potius
504 1540 603 1578 uomeu
613 1540 669 1576 uou
679 1525 755 1576 dedit
763 1540 817 1576 uva
826 1523 911 1576 mihil

609 1634 643 1673 5⁰.
670 1629 791 1673 Tuben.

308 1726 466 1792 Rumpimus
477 1726 601 1786 altricem
610 1731 705 1777 tenero
716 1740 786 1792 quae
795 1726 897 1778 vertice
910 1732 1017 1780 terram

346 1802 464 1865 Tubera,
474 1802 575 1853 boletis
585 1816 668 1867 poma
678 1800 798 1851 seeundo
807 1816 909 1851 sumus.

530 1911 564 1949 ⁵1.
589 1906 747 1948 Turdorum
765 1918 874 1948 coruus.

309 2001 398 2052 Texta
406 2001 478 2053 rosis
487 2000 606 2051 fortasse
615 2000 675 2062 tibi,
690 2000 732 2050 vel
743 2000 827 2051 divite
837 2000 936 2063 uardo,

347 2080 376 2126 at
384 2072 449 2125 mihi
461 2076 495 2127 de
503 2075 592 2125 turdis
601 2073 676 2125 facta
688 2089 792 2126 corona
801 2074 900 2140 placet.
994 2083 997 2089 '

634 2184 668 2221 52.
692 2179 773 2221 Anas.

310 2266 383 2318 Tota
393 2265 501 2333 quidem
511 2271 629 2332 pouatur
639 2280 720 2316 anas:
735 2264 783 2317 sed
793 2270 904 2331 pectore
914 2272 1035 2333 tautum,

346 2346 374 2393 et
384 2342 487 2392 cervice
498 2342 583 2407 sapit:
599 2345 690 2391 cetera
700 2340 781 2392 redde
791 2356 869 2391 coco.

617 2449 651 2489 53.
675 2444 790 2487 Tartar.

310 2525 381 2577 Dum
391 2526 499 2593 pinguis
509 2522 575 2575 mihi
585 2530 674 2574 turtur
683 2525 743 2586 erit,
753 2524 861 2574 lactuca
871 2523 990 2591 valebis,

347 2605 375 2651 et
384 2599 510 2651 cochleas
520 2600 573 2650 tibi
583 2598 661 2649 habe.
681 2598 798 2650 Perdere
807 2596 873 2648 nolo
883 2597 1000 2654 famem.

624 2708 658 2746 54.
681 2703 778 2745 Perus.

311 2781 460 2831 Caeretana
470 2780 537 2831 mihi
546 2781 602 2843 liet,
617 2781 661 2831 vel
671 2781 756 2831 missa
764 2778 860 2830 licebit

348 2854 380 2904 de
390 2854 526 2920 Menapis:
542 2856 611 2907 lauti
621 2856 654 2907 de
665 2863 796 2921 petasone
805 2859 911 2906 vorent.
