2750 3450
308 381 340 432 76
578 385 797 432 MABTIALIS

308 513 335 558 et
345 523 450 574 semper
460 508 531 559 vitas
543 511 698 560 eommunia
706 510 805 560 balnea
818 508 907 559 nobis.

344 581 492 649 Numquid,
504 581 594 647 Galla,
605 585 694 647 times,
705 600 739 635 ne
750 584 801 634 tibi
811 599 866 635 non
877 584 1031 650 placeam?

540 700 574 738 ⁵2.
597 696 638 739 Ao
658 695 868 749 Tongilinnnm.

308 771 388 821 Ernto
398 772 494 823 doinus
504 771 595 823 fuerat
604 773 664 836 tibi,
676 774 850 840 Tongilium,
865 772 996 825 ducenis:

346 847 459 898 obstulit
468 847 538 899 hanc
548 849 660 898 nimium
672 865 751 899 eosus
762 849 790 898 in
801 848 867 898 urbe
881 846 1025 915 frequens.

309 921 445 973 Collatum
457 928 499 973 est
510 923 608 974 decies.
639 922 728 990 Rogo,
739 939 793 974 non
804 929 881 988 potes
891 923 954 988 ipse
964 925 1059 977 videri

344 997 497 1070 incendisse
507 1003 591 1060 tuam,
603 999 777 1064 Tongilium,
793 996 919 1049 donruml

586 1107 620 1145 53.
645 1102 685 1145 Au
706 1101 821 1145 Chloen.
911 1163 914 1169 Ι

415 1179 451 1230 Et
462 1181 538 1231 vultu
548 1186 671 1246 poteram
681 1186 730 1232 tuo
742 1194 843 1242 carere,

416 1260 444 1305 et
455 1256 537 1318 collo,
549 1256 728 1321 inanibusque
740 1255 927 1320 cruribusque,

416 1335 444 1380 et
453 1332 587 1393 maurinis,
597 1331 770 1397 natibusque,
784 1329 978 1396 clunibusquez

416 1411 451 1468 et,
462 1421 496 1456 ne
507 1406 614 1472 singula
624 1407 750 1472 persequi
765 1405 898 1469 laborem,

415 1485 476 1531 tota
487 1486 513 1530 te
524 1488 657 1547 poteram,
668 1479 762 1543 Chloe,
779 1495 880 1532 carere.

585 1590 619 1628 54.
644 1585 684 1626 Ao
703 1582 822 1626 Gallum.

309 1663 374 1714 Cum
387 1662 453 1714 dore
464 1678 518 1714 non
528 1663 641 1731 possim.
652 1663 726 1729 qnod
737 1663 839 1732 poscis,
851 1661 944 1728 Gallu,
952 1669 1071 1733 roganter

345 1740 431 1790 multo
442 1740 603 1806 simplicius,
616 1737 707 1802 Galla,
718 1753 817 1807 negare
827 1745 917 1805 potes.

586 1849 620 1887 55.
643 1844 671 1886 In
691 1843 821 1886 Gellium.

311 1923 399 1985 Quod,
412 1938 571 1990 quacunque
581 1922 666 1984 venis,
678 1921 805 1972 Cosmum
816 1922 936 1989 rnigrure
949 1929 1069 1991 putamus

346 2005 374 2048 et
384 1996 464 2048 fluere
476 2011 589 2047 excusso
602 1997 728 2047 cinnoma
739 1995 800 2046 fusa
814 1997 899 2048 vitro:

308 2073 373 2124 nolo
385 2072 534 2139 peregrinis
545 2071 655 2137 placeas
665 2071 726 2134 tibi,
742 2071 840 2135 Gellia,
851 2073 940 2140 nugis.

346 2146 414 2211 Seis,
426 2152 500 2213 puto,
512 2161 594 2212 posse
604 2161 692 2196 meum
713 2148 753 2198 sic
765 2146 834 2197 bene
845 2147 919 2199 olere
930 2163 1031 2200 canem.

488 2254 522 2293 56.
548 2250 586 2293 De
605 2252 733 2293 cisterno
753 2227 925 2295 Ravennae:

310 2328 352 2381 Sit
362 2330 481 2380 cisterno
490 2310 567 2391 inihi,
579 2344 659 2395 quom
673 2330 761 2392 vinea,
772 2329 845 2380 rnalo
856 2328 1011 2392 Revennoe,

346 2420 406 2455 curn
416 2405 521 2471 possim
531 2403 616 2454 multo
628 2404 744 2455 vendere
755 2404 841 2470 pluris
853 2420 961 2471 aquam.

587 2512 622 2551 51,
647 2509 685 2550 De
706 2521 819 2563 copone.

310 2586 432 2637 Callidus
442 2585 573 2653 imposuit
582 2600 668 2651 nuper
677 2584 745 2636 nihi
756 2600 826 2651 copo
837 2584 993 2636 Ravennam

347 2677 406 2713 curn
417 2667 536 2728 peterem
547 2661 670 2725 mixtum,
681 2660 805 2712 vendidit
813 2660 862 2711 ille
872 2675 983 2711 merum.

427 2770 462 2809 58,
487 2766 529 2810 Ile
548 2764 621 2810 villu
640 2766 790 2816 Faustini,
808 2766 842 2807 nil
856 2766 983 2807 Rursum.

358 2840 475 2896 Boiano
484 2848 580 2901 nostri
593 2848 675 2913 villa,
683 2842 944 2909 passurumne,

345 2931 407 2969 non
421 2923 535 2980 otiosis
545 2926 693 2981 ordinato
706 2922 858 3023 niveus,
