2750 3450
460 350 774 397 EPIGRAMMATUM
798 350 866 396 aia.
883 350 925 395 vl.
1040 347 1089 400 139

569 473 588 512 4.
612 467 816 512 Adulatorinm.

389 545 493 597 Censor
502 546 628 608 maxime,
639 546 845 612 principumque
855 546 989 612 princeps,

390 636 450 671 cum
459 626 503 671 tot
512 621 566 670 iam
578 620 629 670 tibi
639 619 738 670 debeat
746 617 908 685 triumphos,

388 700 432 745 tot
441 695 582 745 nascentia
590 694 701 760 templa,
711 700 754 745 tot
762 699 867 756 renata,

387 775 431 819 tut
440 769 605 835 spectacula,
616 774 658 819 tot
668 769 743 831 deus,
753 774 797 818 tot
806 768 899 819 urbest

389 843 450 908 plna
461 843 541 894 debet
549 842 599 893 tibi
611 841 708 906 Roma,
720 843 793 909 quod
803 843 905 908 pudica
915 847 963 893 ent.

539 952 559 990 5.
584 947 622 988 dd
643 945 843 989 Caecilianum.

296 1023 412 1074 Rustica
421 1029 555 1075 mercatus
565 1024 657 1073 multis
668 1039 726 1074 snm
736 1023 850 1090 praedia
859 1024 989 1075 nummis:

334 1104 429 1148 mutua
439 1099 486 1149 dea
497 1104 611 1161 centum,
622 1097 786 1161 Caeciliane,
796 1113 874 1164 rogo.

296 1172 346 1225 Nil
356 1171 424 1223 mihi
433 1171 597 1239 responderi
617 1173 742 1223 Tacitum
753 1178 780 1224 te
791 1173 890 1234 dicere,
902 1172 993 1236 credo,

334 1263 391 1300 non
399 1247 508 1299 reddes:
523 1247 596 1311 ideo,
608 1247 773 1311 Caeciliane,
783 1262 861 1314 rogo.

557 1355 578 1395 6.
602 1352 641 1394 Ad
660 1353 824 1407 Lupercum.

297 1429 431 1480 Comoedi
440 1433 495 1480 tres
506 1434 580 1479 nunt:
598 1428 645 1479 ned
657 1434 730 1479 amat
738 1434 786 1479 tua
796 1427 901 1490 Panda,
912 1426 1043 1494 Luperce,

335 1511 465 1570 quatuor3
480 1510 507 1555 et
518 1497 602 1559 κωφὸν
612 1503 710 1554 Paulla
720 1500 860 1568 πρόσωπον
871 1508 952 1553 amat·

546 1594 578 1652 ’1.
601 1609 641 1651 De
660 1607 826 1652 Thelerina.

297 1686 369 1738 iulia
379 1685 424 1737 lex
433 1686 542 1753 populis
553 1700 587 1737 ex
597 1700 660 1753 quc,
670 1685 810 1748 Faustino,
820 1690 916 1736 renata
925 1687 979 1747 eat3

337 1767 418 1828 atque
427 1762 528 1813 intrare
539 1762 637 1812 domos
647 1762 723 1811 iussa
732 1759 871 1810 Pudicitia
881 1764 933 1810 est:

298 1841 346 1888 aut
356 1837 453 1899 minus,
465 1841 512 1887 aut
521 1842 592 1888 certe
602 1851 658 1887 non
668 1836 729 1901 plna
739 1835 878 1885 tricesima
886 1834 935 1885 lux
945 1838 994 1897 est,

336 1916 363 1962 et
372 1912 450 1962 nubit
460 1910 566 1962 decimu
576 1912 632 1961 iam
643 1908 790 1961 Theleaina
800 1910 869 1961 viro.

299 1986 376 2049 Quae
386 1986 464 2037 nubit
473 1987 565 2049 toties,
576 2001 631 2038 non
642 1986 732 2036 nubit:
749 1984 873 2035 adultera
882 1983 942 2051 lege
952 1988 1002 2035 eat.

335 2060 468 2113 Offendor
478 2058 592 2112 moecha
602 2060 771 2127 simpliciore
785 2060 882 2110 minua.

571 2170 591 2208 8.
616 2165 655 2207 rid
674 2162 813 2207 Severum.

424 2240 569 2294 Praetores
580 2242 643 2305 duo,
658 2246 777 2308 quatuor
785 2240 897 2303 tribuni,

426 2321 528 2382 septem
539 2317 679 2379 causidici,
691 2315 902 2381 decempedae,

427 2391 567 2441 cniusdam
577 2391 660 2442 modu
670 2391 780 2456 nuptias
789 2389 918 2455 petebant

426 2465 572 2531 aquodam
582 2480 653 2516 nene.
678 2464 741 2516 Non
750 2468 872 2514 moretm
881 2462 929 2513 ille
1001 2491 1003 2495 -

426 2540 558 2608 praeconi
568 2539 644 2590 dedit
652 2537 760 2605 Eulogo
769 2536 897 2604 puellam.

424 2612 546 2682 Dignum
557 2614 622 2681 quid
633 2613 720 2675 fatuo,
731 2611 838 2674 Severe,
848 2610 921 2662 fecit.

564 2714 584 2755 9.
607 2710 648 2753 Ad
668 2708 830 2753 Lucrinum.
1076 2674 1120 2866 Ι

288 2791 319 2838 ln
325 2787 500 2855 Pompeiano
511 2788 628 2856 domna,
639 2788 782 2859 Laevina,
789 2788 928 2845 tirenum

310 2865 343 2908 et
351 2861 487 2926 querens,
497 2865 526 2918 ai
536 2871 565 2919 te
575 2870 705 2927 suscitat
714 2867 877 2929 Oceannai
