2750 3450
395 397 716 445 EPIGRAMMATUM
743 401 814 446 als.
832 400 864 448 X.
975 396 1025 448 217

307 519 479 572 Vatiniorum
489 527 639 587 proxeneta
647 521 805 585 fractorum,
873 551 875 555 ·

306 600 390 662 poeta
400 597 509 662 quidam
521 596 702 647 clancularius
711 598 828 664 spargit3

307 676 335 721 et
343 671 497 721 vultvideri
506 676 609 721 nostra.
637 670 732 721 Credis
743 669 804 734 hoc,
815 670 916 735 Prisce,

306 760 374 796 voce
383 750 413 794 ut
422 744 550 811 loquatur
559 746 692 810 psittacus
703 746 861 808 coturnicis,

307 825 335 869 et
344 820 520 884 concupiscat
530 834 590 869 esse
601 818 691 869 Canus
702 819 843 870 ascaulesl

305 892 407 945 Procul
418 908 435 943 a
444 893 545 944 libellis
555 894 636 960 nigra
646 894 683 944 sit
693 895 759 945 meis
769 893 851 956 fama,

307 983 376 1034 qnos
386 982 479 1019 rumor
490 968 553 1018 alba
563 983 700 1035 gemmeus
709 966 785 1018 vehit
793 983 890 1035 penna.

308 1042 362 1094 Cur
371 1057 422 1110 ego
433 1042 555 1093 laborem
565 1050 646 1093 notus
657 1057 716 1094 esse
726 1048 782 1094 tam
792 1058 883 1109 prave,

307 1123 432 1169 constare
442 1117 527 1185 gratis
540 1132 600 1167 cum
610 1117 746 1168 silentium
757 1117 862 1183 possiti

490 1232 512 1271 l.
535 1228 572 1268 Al
593 1228 764 1269 Mamurram.

261 1305 288 1355 ui
297 1305 366 1372 legis
377 1304 554 1370 Oedipodem,
566 1305 781 1372 caligantemque
792 1302 939 1370 Thyesten,

270 1377 426 1442 Colchidas,
437 1384 464 1429 et
473 1376 595 1445 Scyllas3
611 1379 675 1445 qnid
685 1380 740 1429 nisi
750 1385 872 1430 monstra
880 1377 966 1447 legisl

261 1453 362 1506 uidtibi
375 1458 469 1520 raptus
481 1452 578 1519 Hyles,
593 1454 658 1519 quid
671 1451 893 1520 Parthenopaeus
904 1460 931 1505 et
939 1453 1024 1522 Atys‘i

269 1528 335 1595 quid
343 1529 396 1579 tibi
406 1528 540 1580 dormitor
548 1528 671 1594 proderit
680 1527 853 1595 Endyrnlcni

261 1608 362 1654 antrisve
372 1618 438 1669 puer
450 1603 545 1668 pennis
556 1601 726 1652 labentibusl
751 1607 799 1652 ant
808 1602 855 1668 qui

269 1679 329 1731 odit
340 1678 483 1729 amatrices
493 1674 741 1743 Hermaphroditus
752 1675 854 1743 aquas!

261 1754 305 1804 uid
315 1758 342 1804 te
352 1768 423 1805 vana
433 1754 528 1804 iuvant
536 1754 652 1803 miserae
663 1751 783 1803 ludibria
793 1750 919 1803 chartael

267 1828 332 1879 lloc
340 1827 409 1895 lege,
420 1828 493 1894 quod
502 1828 593 1894 possit
602 1827 692 1878 (licere
702 1828 768 1890 vita,
779 1842 866 1876 meum
877 1832 927 1878 est.

261 1919 294 1954 on
304 1901 350 1956 hic
360 1902 519 1965 Centauros,
530 1918 585 1953 non
597 1900 751 1968 Gorgonas,
763 1901 957 1968 Harpyiasque

267 1978 402 2029 invenies:
417 1975 553 2028 hominem
563 1977 665 2043 pagina
674 1982 769 2028 nostra
778 1977 858 2041 sapit.

261 2053 286 2104 ul
295 2068 351 2104 non
360 2053 412 2115 vis,
421 2051 569 2115 Mammea,
580 2058 643 2103 tuos
657 2066 822 2118 cognoscere
830 2066 930 2114 mores,

268 2132 354 2179 necte
364 2128 450 2181 sciret
463 2127 540 2194 legas
551 2123 625 2174 αἴτια
634 2123 805 2176 Callimachi.

428 2236 447 2277 5,
471 2232 502 2273 In
522 2229 687 2274 maledicum
707 2236 825 2285 poetam.

306 2308 436 2374 Quisquis
447 2307 568 2358 stolaeve
578 2323 747 2374 purpuraeve
758 2310 919 2369 contemtor,

305 2398 374 2449 qnos
385 2383 475 2434 colere
485 2381 573 2445 debet,
584 2383 665 2433 laesit
674 2382 760 2447 impio
770 2396 862 2431 versu:

306 2463 378 2509 erret
386 2472 435 2524 per
443 2456 535 2508 urbem
546 2456 638 2522 pontis
648 2455 725 2507 exsul
736 2460 763 2505 et
773 2455 846 2516 clivi,

305 2532 428 2597 interque
437 2546 536 2582 raucos
546 2530 657 2581 ultimus
667 2535 810 2596 rogatores

306 2611 366 2658 oret
375 2607 486 2657 caninas
496 2605 576 2671 panis
585 2604 705 2671 improbi
714 2604 823 2654 buccas.

305 2680 351 2732 llli
359 2680 510 2731 December
519 2681 626 2746 longus,
638 2683 665 2729 et
673 2678 785 2729 madens
794 2677 901 2740 bmma,

306 2756 466 2822 claususque
476 2755 566 2806 fornix
576 2754 654 2806 triste
664 2752 756 2824 frigus
771 2752 919 2807 extenuat.

305 2827 390 2890 Vocet
397 2830 493 2882 beatos
504 2832 690 2903 clamitetque
700 2832 818 2897 felices,

290 2901 438 2955 Orclnlaua
449 2907 497 2974 qui
507 2907 643 2967 ferrmtur
654 2911 689 2967 iu
699 2912 840 2986 spania·-
