2750 3450
445 357 760 405 nplunnnllunwu
787 359 856 404 Llll.
880 358 911 403 ll.
1040 358 1071 408 ol

538 480 574 519 ao,
597 477 638 518 aa
656 477 815 519 Panium

281 569 394 622 Pectere
403 573 432 620 te'
440 569 536 632 nolim,
549 569 598 620 sed
606 582 656 619 nee
664 564 774 619 turbare
785 568 909 635 capillon

318 641 469 708 Splendida
477 645 514 694 sit
523 644 598 705 nolo,
608 642 722 694 sordida
730 642 796 694 nolo
807 645 886 694 eutis.

280 717 339 770 Nee
348 717 400 767 tibi
409 718 559 779 mitrarum,
569 733 619 767 nee
629 719 665 768 eit
675 718 726 767 tibi
735 717 822 768 barba
831 730 949 768 reorum.

317 791 391 843 Nolo
402 792 488 841 virum
500 792 622 853 nimium,
632 791 761 854 Pannioe,
771 792 837 843 uolo
848 808 951 857 parum

281 865 351 918 Sunt
359 866 411 916 tibi
421 881 501 916 arura
510 864 586 932 pilis,
597 872 624 916 et
633 873 696 916 sunt
705 867 756 916 tibi
766 871 879 931 pectora
889 868 955 916 netis

318 938 445 991 horrida:
465 939 514 991 ned
523 955 599 991 mene
610 946 660 1003 est,
671 938 799 1002 Fanniae,
809 940 888 991 vulsa
897 940 956 991 tibi.

521 1048 555 1085 31.
579 1043 610 1085 ln
631 1043 833 1086 Uaeeilianum.

373 1135 513 1203 Quidquid
523 1128 643 1202 ponitur,
653 1135 716 1187 hinc
725 1143 752 1188 et
760 1136 824 1187 inde
834 1140 933 1188 terris:

370 1226 502 1262 manemus
513 1212 636 1274 suminio,
646 1212 841 1278 imbricemque
851 1215 939 1279 porci,

372 1279 592 1352 communemque
603 1286 709 1338 duobus
721 1291 886 1352 attagenam,

371 1359 483 1410 mullum
495 1359 647 1422 dimidium,
659 1361 805 1428 lupumque
812 1369 910 1418 totum.

372 1448 571 1500 muraenaeque
581 1435 663 1498 latus,
672 1434 813 1501 femurque
822 1437 900 1501 pulli,

372 1508 574 1575 stillantemque
585 1510 658 1560 aliae
666 1525 717 1560 sua
726 1510 896 1576 palumbum:

371 1581 439 1635 haee
449 1596 510 1634 eum
520 1583 632 1634 condita
641 1590 704 1634 nunt
713 1585 838 1635 madente
853 1600 963 1652 mappa,

370 1658 515 1708 traduntur
523 1672 609 1724 puero
620 1658 732 1709 domum
743 1657 868 1710 ferenda!

371 1749 422 1784 nos
433 1734 617 1785 accumbimus
628 1735 720 1785 otiosa
729 1734 817 1785 turba

372 1807 447 1858 Ullue
458 1808 483 1858 ni
493 1808 582 1874 pudor
592 1818 642 1869 eet,
652 1823 754 1874 repone
764 1823 890 1859 coenam:

372 1897 432 1934 crae
441 1888 479 1945 te,
489 1881 654 1945 Caeciliano,
663 1898 720 1933 non
733 1884 840 1933 vocavi.

567 1990 603 2029 38.
626 1981 657 2028 ln
678 1981 780 2028 Llffuum

280 2079 355 2158 Quid
365 2076 433 2129 mihi
442 2078 539 2129 reddet
550 2095 622 2146 ager,
633 2081 751 2146 quaeris,
762 2077 840 2142 Line,
851 2075 1054 2131 Nomentanus!

317 2153 381 2205 Hoc
390 2151 457 2204 m1h1
467 2153 557 2204 redd1t
567 2170 643 2221 ager
663 2162 701 2217 te,
714 2153 793 2219 Line,
806 2171 861 2206 non
870 2155 961 2206 video

455 2277 489 2317 39
514 2276 554 2317 lle
574 2277 737 2318 muneniun
754 2276 891 2319 moeffehee
950 2301 954 2310 =

281 2366 402 2416 Coccina
411 2364 534 2419 famosae
544 2367 634 2418 donas·
641 2373 668 2419 et
676 2367 802 2418 ianthina
811 2349 950 2419 noemae.

316 2438 367 2491 Vie
377 2439 452 2504 dure,
463 2456 532 2509 quae
541 2445 640 2492 meruit
650 2439 779 2493 mamere?
796 2444 873 2493 mitte
882 2448 985 2509 togam.

531 2553 564 2591 40.
590 2550 620 2591 ln
640 2549 814 2604 Tongilium.

277 2640 327 2691 Uri
338 2640 482 2707 Tongilius
491 2643 562 2693 male
577 2644 675 2695 dieitur
685 2642 867 2695 hemitritaeo

314 2712 388 2765 Novi
398 2712 514 2768 hominis
525 2733 629 2770 meree
645 2719 733 2773 esunt
743 2725 827 2789 atque
837 2720 910 2772 extit„

270 2787 394 2837 Subdola
404 2792 554 2848 tenduntur
568 2800 677 2854 crassis
688 2800 780 2855 nouo
789 2800 871 2854 retia
876 2796 995 2851 timuis·-

292 2858 392 2913 hamua
401 2867 469 2921 etin
482 2855 609 2931 mullum
623 2882 754 2938 nnttltur
766 2878 991 2953 atqueluqffl

859 2976 888 3025 li
897 2977 924 3021 2
