2750 3450
312 345 361 394 ili
472 382 475 389 .
600 347 816 397 maurianis

517 470 552 510 92.
576 466 718 511 Adulatur
734 467 906 511 Domitiano.

312 536 353 587 Ad
364 550 477 586 coenam
488 536 513 586 oi
522 551 565 587 me
575 536 684 587 diversa
697 541 810 588 voearet
818 537 848 586 in
858 540 934 587 astra

350 608 414 660 hine
422 611 555 662 invitator
564 611 701 674 Caesaris,
710 612 775 663 inde
784 611 872 662 loris:

314 691 390 744 astra
399 686 465 736 lieet
474 687 595 752 propius,
605 685 728 737 Pallatia
736 686 846 754 longius
862 691 962 749 eruent,

349 776 484 826 respousa
495 761 530 812 ad
540 777 653 828 superos
663 758 732 812 haee
741 760 885 812 referenda
895 761 1005 812 darem:

314 838 445 903 quaerite,
456 837 502 902 qui
513 837 592 886 malit
601 837 659 887 lieri
671 837 787 887 conviva
798 836 949 898 Tonantis3

351 927 394 962 me
404 927 479 961 meus
489 912 608 962 interris
619 910 731 977 Iupiter,
741 926 814 974 eece,
823 915 906 961 tenet.

569 1008 604 1048 93.
629 1005 668 1046 Διὶ
689 1002 851 1056 Condylum.

316 1082 393 1145 Quae
403 1082 477 1131 mala
486 1082 542 1132 sint
551 1081 664 1144 domini,
676 1096 746 1148 quae
757 1081 830 1133 servi
839 1083 989 1135 commoda
998 1083 1082 1136 nereis

352 1157 485 1222 Condyle,
500 1157 548 1221 qui
557 1171 662 1207 servum
673 1161 701 1208 te
710 1158 796 1223 gemin
807 1172 867 1208 esse
878 1157 935 1207 diu.
1007 1171 1010 1176 ’

314 1232 372 1283 Dat
381 1233 434 1282 tibi
445 1246 557 1281 securos
567 1231 630 1281 vilis
640 1231 789 1298 tegeticula
798 1246 926 1282 somnosr

294 1344 298 1353 .
352 1306 468 1374 pervigil
477 1306 506 1355 in
516 1305 609 1371 pluma
619 1305 711 1368 Gaius,
722 1321 793 1369 eece,
806 1306 888 1356 iacet.

316 1383 398 1433 Caius
409 1397 426 1430 a
437 1381 525 1446 prima
535 1381 727 1432 tremebundus
737 1381 798 1431 luce
808 1380 914 1431 salutat

352 1459 396 1506 tot
406 1455 545 1506 dominos:
562 1460 591 1505 at
599 1460 637 1518 tu,
650 1455 783 1522 Condyle,
793 1471 843 1506 nee
854 1456 1005 1508 dominum.

317 1530 398 1593 Quod
411 1530 501 1593 debes,
516 1529 574 1593 Cal,
583 1530 676 1594 redde,
685 1531 776 1596 inquit
785 1529 921 1595 Phoebus,
933 1537 962 1582 et
970 1533 1047 1584 illine

354 1605 515 1656 Cinnamus:
530 1602 584 1656 hoc
594 1605 670 1668 dicit,
682 1604 816 1672 Condyle,
826 1620 907 1673 neruo
917 1607 981 1658 tibi.

317 1681 462 1734 Tortorem
473 1679 589 1732 metuisi
608 1679 745 1749 Podagra,
756 1679 942 1749 cheragraque
952 1688 1061 1737 secatur

354 1757 450 1819 Caium
465 1761 492 1807 et
501 1756 596 1808 mallet
605 1758 720 1808 verbera
728 1756 803 1809 mille
813 1758 882 1822 pati.

318 1832 399 1895 Quod
409 1848 459 1883 nec
470 1847 550 1882 mane
560 1833 658 1895 vomis,
673 1847 724 1882 nee
734 1847 858 1895 cunnum,
874 1830 1011 1899 Condylo,
1024 1832 1082 1901 liugl

352 1923 408 1959 non
419 1908 514 1969 mavis,
526 1922 606 1973 quam
616 1913 657 1958 ter
668 1906 750 1957 Caius
765 1922 824 1958 esse
833 1905 913 1958 tunsi

567 2014 602 2055 94.
617 2012 656 2054 Ad
677 2010 860 2055 Calatinum.

316 2089 422 2140 Addere
433 2089 498 2155 quid
509 2104 608 2152 cessas,
620 2105 695 2155 puer,
705 2090 861 2158 immortale
869 2089 1036 2142 Falernum!

355 2164 539 2225 Quadrantem
551 2163 662 2230 duplica
671 2164 705 2215 de
716 2166 823 2228 seniore
833 2165 913 2217 cado.

316 2238 395 2291 Nunc
404 2237 472 2288 mihi
481 2238 535 2306 dic,
546 2240 607 2304 quis
617 2240 677 2302 erit,
690 2241 735 2290 eui
746 2246 782 2303 te,
798 2239 949 2303 Caloeirse,
961 2240 1080 2293 deorum-

354 2329 401 2365 sex
412 2313 493 2364 iubeo
506 2312 621 2379 cyathos
631 2312 760 2365 funderet
780 2313 882 2366 Caesar
892 2316 954 2366 erit.

318 2389 414 2441 Sutilis
425 2394 532 2454 aptetur
543 2389 633 2439 decies
643 2404 709 2440 rosa
719 2390 849 2453 crinibus,
859 2396 890 2441 ut
900 2391 938 2441 sit

356 2462 402 2531 qui
411 2465 505 2529 posuit
515 2479 610 2515 sacrae
620 2464 714 2516 nobile
723 2467 812 2531 gentis
824 2480 901 2531 opus.

317 2538 396 2590 Nune
405 2538 448 2589 bis
459 2539 543 2604 quina
553 2537 620 2589 mihi
630 2540 666 2590 da
675 2540 765 2601 basia,
776 2540 825 2591 liat
835 2545 866 2590 ut
876 2540 947 2592 illud

354 2628 462 2676 nomen,
474 2613 508 2664 ab
520 2612 640 2680 Odrysio
652 2614 727 2680 quod
736 2615 802 2666 deus
814 2615 879 2667 orbe
889 2616 963 2667 tulit.

561 2723 594 2761 ⁹5.
620 2717 659 2761 De
680 2719 867 2774 Hippocrate.

305 2796 465 2851 Santonica
475 2798 619 2852 medicata
629 2796 707 2851 dedit
715 2795 785 2850 milri
793 2797 996 2865 uoeulauirga:

333 2874 526 2933 oslrominisl
550 2878 675 2934 mulsum
685 2892 734 2931 me
742 2872 1035 2943 rogatll'rnuomten.
