2750 3450
307 373 358 425 aio
595 372 831 445 uanrrunrs,

363 496 484 564 Tarpeia
494 494 591 548 summi
601 509 669 546 saxa
679 494 743 546 dum
753 495 840 562 patris
850 496 973 546 stabunt:
1060 492 1063 498 '

362 572 426 623 dum
436 586 504 622 voce
514 570 636 636 supplex,
647 569 764 637 dumque
773 575 833 620 ture
843 569 966 636 placabit

362 652 489 697 matrona
499 645 575 696 dives
588 644 667 696 dulce
677 644 764 696 iuliae
773 660 884 696 numen:

363 721 485 772 manebit
494 718 578 770 altum
587 719 701 769 Flaviae
711 719 793 771 decus
804 720 892 786 gentis

364 811 424 847 cum
435 795 503 858 sole,
514 800 541 846 et
550 795 641 857 astris,
653 809 766 860 cumque
776 794 837 845 lucc
849 793 983 846 Romana.

363 870 468 922 lurlcta
479 868 611 937 quidquid
623 869 747 921 condidit
756 884 862 933 manus,
873 869 945 921 coeli
954 873 1003 921 est.

601 987 621 1026 ³.
645 983 676 1026 Iu
696 982 808 1040 Lupum.

309 1060 417 1127 Pauper
428 1060 566 1111 amicitiae
576 1076 636 1111 cum
647 1061 695 1122 sis,
705 1060 792 1127 Lupe,
802 1076 858 1112 non
868 1077 897 1113 es
911 1062 1028 1117 amicae:

283 1133 924 1277 0salluii:{inuislillsllffllu,

347 1285 488 1336 convivam
499 1286 588 1350 pascit
596 1284 676 1352 nigra
685 1284 777 1337 farina
785 1291 871 1336 tuum.

310 1359 455 1410 Incensura
464 1360 541 1410 nives
551 1359 678 1411 dominae
691 1357 786 1411 Setina
795 1361 948 1427 liquantum

346 1449 397 1485 nos
407 1434 525 1484 bibimus
536 1433 615 1485 Corsi
625 1434 702 1499 pulla
715 1449 819 1485 venena
827 1434 899 1487 cadi.

310 1508 391 1558 Emta
400 1509 452 1559 tibi
461 1523 516 1560 nox
527 1514 568 1558 est
577 1507 668 1559 fundis
678 1525 735 1561 non
743 1515 804 1560 tota
814 1510 949 1576 paternis3

347 1581 421 1633 haud
431 1598 480 1634 sua
491 1581 612 1634 desertus
622 1599 687 1635 mua
697 1584 802 1635 sodalis
816 1589 885 1636 arat.

311 1657 441 1724 Splendet
450 1655 610 1725 Erythraeis
620 1657 759 1725 pellucida
768 1657 884 1711 moecha
892 1658 1012 1729 lapillis;

348 1733 456 1784 ducitur
465 1733 599 1797 addictus,
609 1739 637 1784 te
646 1732 778 1798 intuente,
789 1734 883 1787 cliens.

311 1808 380 1859 Octo
392 1805 471 1875 Syris
482 1807 595 1859 suffulta
605 1809 685 1860 datur
693 1808 793 1877 lectica
802 1809 925 1875 puellae;
1029 1869 1031 1876 Ι

347 1883 447 1933 nudum
458 1882 619 1950 sandapilae
628 1883 736 1951 pondus
746 1884 849 1935 amicus
860 1885 921 1935 erit.

310 1956 411 2021 inune,
422 1963 450 2008 et
457 1960 583 2021 miseros,
594 1956 706 2024 cybele,
716 1958 844 2026 praecide
855 1959 999 2012 cinaedum

348 2030 416 2083 baec
426 2038 493 2096 crat,
503 2030 572 2083 baec
581 2034 676 2084 cultris
686 2033 901 2101 mentuladigna
910 2035 976 2087 tuis.

551 2141 573 2180 4.
596 2117 637 2180 ᾸιΙ
657 2139 857 2182 Domitianum.

311 2212 447 2275 Quantum
457 2214 513 2265 iam
524 2214 638 2280 superis,
649 2214 760 2279 Caesar,
771 2216 904 2283 coeloque
913 2216 1023 2284 dedisti,
1052 2227 1055 2231 “
1088 2257 1089 2264 1

348 2288 372 2339 si
382 2293 499 2354 repetas,
510 2293 538 2339 et
547 2289 572 2340 si
581 2289 701 2342 creditor
711 2305 771 2342 esse
779 2290 862 2354 rolis3

311 2362 422 2431 grandis
431 2363 460 2412 in
472 2360 598 2415 aethereo
608 2362 674 2415 licet
684 2366 776 2417 auctio
788 2364 837 2416 liat
846 2364 975 2434 Olympo,

349 2442 533 2504 cogemurque
544 2438 589 2489 dei
598 2439 714 2490 vendere
725 2440 857 2507 quidquid
866 2438 982 2494 habenta

312 2512 486 2563 conturbabit
494 2513 580 2577 Atlas,
590 2518 618 2564 et
627 2530 681 2565 non
692 2515 744 2565 erit
753 2515 835 2565 uncia
843 2520 913 2578 tota,

349 2586 458 2637 decidat
466 2592 554 2638 tecum
567 2603 620 2654 qua
629 2594 708 2655 pater
716 2589 776 2655 ipse
786 2588 874 2641 derim.

311 2659 364 2711 Pro
377 2658 541 2729 Capitolinis
555 2662 621 2729 quid
629 2664 701 2714 enim
712 2664 763 2715 tibi
774 2664 881 2716 solvere
889 2666 1008 2733 templis,

288 2771 290 2775 v
349 2736 414 2801 quid
424 2751 473 2802 pro
485 2737 621 2804 Tarpeiae
629 2736 736 2790 frondis
749 2736 854 2791 honore
864 2740 972 2805 potestl

313 2809 377 2876 quid
388 2826 437 2876 pro
449 2810 611 2862 culminibus
620 2812 737 2879 geminis
746 2819 873 2866 matrona
883 2814 1036 2868 Tonantis!

349 2883 465 2935 Pallada
474 2890 630 2951 praetercot
643 2901 687 2939 res
699 2888 757 2955 agit
765 2888 816 2939 illa
824 2894 896 2941 tuas.
