<?xml version="1.0" encoding="UTF-8"?>
<!DOCTYPE html PUBLIC "-//W3C//DTD XHTML 1.0 Transitional//EN"
    "http://www.w3.org/TR/xhtml1/DTD/xhtml1-transitional.dtd">
<html xmlns="http://www.w3.org/1999/xhtml" xml:lang="en" lang="en">
 <head>
  <title>
</title>
<meta http-equiv="Content-Type" content="text/html;charset=utf-8" />
  <meta name='ocr-system' content='tesseract 3.04.00' />
  <meta name='ocr-capabilities' content='ocr_page ocr_carea ocr_par ocr_line ocrx_word'/>
</head>
<body>
  <div class='ocr_page' id='page_1' title='image "./mvaleriimartial03martgoog_0388.png"; bbox 0 0 2750 3450; ppageno 0'>
   <div class='ocr_carea' id='block_1_1' title="bbox 550 368 1085 419">
    <p class='ocr_par' dir='ltr' id='par_1_1' title="bbox 550 368 1085 419">
     <span class='ocr_line' id='line_1_1' title="bbox 550 368 1085 419; baseline 0.002 -2"><span class='ocrx_word' id='word_1_1' title='bbox 550 369 829 417; x_wconf 81' lang='lat' dir='ltr'>SUPPOSlTlTlA.</span> <span class='ocrx_word' id='word_1_2' title='bbox 1036 368 1085 419; x_wconf 79' lang='grc'>379</span> 
     </span>
    </p>
   </div>
   <div class='ocr_carea' id='block_1_2' title="bbox 277 491 1029 1080">
    <p class='ocr_par' dir='ltr' id='par_1_2' title="bbox 277 491 1029 1080">
     <span class='ocr_line' id='line_1_2' title="bbox 292 491 1015 559; baseline -0.001 -15"><span class='ocrx_word' id='word_1_3' title='bbox 292 491 417 556; x_wconf 85' lang='lat' dir='ltr'>Pontico,</span> <span class='ocrx_word' id='word_1_4' title='bbox 428 493 453 544; x_wconf 82' lang='lat' dir='ltr'>ei</span> <span class='ocrx_word' id='word_1_5' title='bbox 463 506 517 559; x_wconf 90' lang='lat' dir='ltr'>qua</span> <span class='ocrx_word' id='word_1_6' title='bbox 526 491 605 556; x_wconf 82' lang='lat' dir='ltr'>facis,</span> <span class='ocrx_word' id='word_1_7' title='bbox 616 493 674 544; x_wconf 84' lang='lat' dir='ltr'>eine</span> <span class='ocrx_word' id='word_1_8' title='bbox 685 497 755 543; x_wconf 82' lang='lat' dir='ltr'>teste</span> <span class='ocrx_word' id='word_1_9' title='bbox 765 492 843 555; x_wconf 60' lang='lat' dir='ltr'>facin</span> <span class='ocrx_word' id='word_1_10' title='bbox 853 493 911 544; x_wconf 76' lang='lat' dir='ltr'>aine</span> <span class='ocrx_word' id='word_1_11' title='bbox 921 493 1015 556; x_wconf 85' lang='lat' dir='ltr'>turba;</span> 
     </span>
     <span class='ocr_line' id='line_1_3' title="bbox 330 565 1019 631; baseline 0 -13"><span class='ocrx_word' id='word_1_12' title='bbox 330 583 386 619; x_wconf 90' lang='lat' dir='ltr'>non</span> <span class='ocrx_word' id='word_1_13' title='bbox 397 565 510 618; x_wconf 82' lang='lat' dir='ltr'>adhibes</span> <span class='ocrx_word' id='word_1_14' title='bbox 520 567 629 631; x_wconf 81' lang='lat' dir='ltr'>multoe,</span> <span class='ocrx_word' id='word_1_15' title='bbox 641 566 767 618; x_wconf 70' lang='lat' dir='ltr'>Ponticos</span> <span class='ocrx_word' id='word_1_16' title='bbox 783 573 877 618; x_wconf 78' lang='lat' dir='ltr'>cantur</span> <span class='ocrx_word' id='word_1_17' title='bbox 888 565 970 621; x_wconf 84' lang='lat' dir='ltr'>homo</span> <span class='ocrx_word' id='word_1_18' title='bbox 982 584 1019 619; x_wconf 74' lang='lat' dir='ltr'>ee.</span> 
     </span>
     <span class='ocr_line' id='line_1_4' title="bbox 277 633 930 705; baseline -0.002 -12"><span class='ocrx_word' id='word_1_19' title='bbox 277 633 281 642; x_wconf 75' lang='grc'><strong>’</strong></span> <span class='ocrx_word' id='word_1_20' title='bbox 293 641 418 705; x_wconf 89' lang='lat' dir='ltr'>Pontice,</span> <span class='ocrx_word' id='word_1_21' title='bbox 428 647 455 692; x_wconf 89' lang='lat' dir='ltr'>te</span> <span class='ocrx_word' id='word_1_22' title='bbox 465 641 598 692; x_wconf 82' lang='lat' dir='ltr'>celebrem</span> <span class='ocrx_word' id='word_1_23' title='bbox 607 641 698 693; x_wconf 87' lang='lat' dir='ltr'>forma</span> <span class='ocrx_word' id='word_1_24' title='bbox 707 647 805 692; x_wconf 92' lang='lat' dir='ltr'>natura</span> <span class='ocrx_word' id='word_1_25' title='bbox 816 643 930 693; x_wconf 81' lang='lat' dir='ltr'>creauit:</span> 
     </span>
     <span class='ocr_line' id='line_1_5' title="bbox 331 708 1029 784; baseline -0.001 -17"><span class='ocrx_word' id='word_1_26' title='bbox 331 716 429 784; x_wconf 74' lang='lat' dir='ltr'>dignus</span> <span class='ocrx_word' id='word_1_27' title='bbox 439 730 500 767; x_wconf 79' lang='lat' dir='ltr'>eras</span> <span class='ocrx_word' id='word_1_28' title='bbox 510 708 624 778; x_wconf 77' lang='lat' dir='ltr'>Helena,</span> <span class='ocrx_word' id='word_1_29' title='bbox 635 715 762 767; x_wconf 81' lang='lat' dir='ltr'>Pontice:</span> <span class='ocrx_word' id='word_1_30' title='bbox 777 714 889 783; x_wconf 86' lang='lat' dir='ltr'>pulcher</span> <span class='ocrx_word' id='word_1_31' title='bbox 897 715 980 770; x_wconf 90' lang='lat' dir='ltr'>homo</span> <span class='ocrx_word' id='word_1_32' title='bbox 991 733 1029 768; x_wconf 81' lang='lat' dir='ltr'>es.</span> 
     </span>
     <span class='ocr_line' id='line_1_6' title="bbox 293 789 947 856; baseline 0 -14"><span class='ocrx_word' id='word_1_33' title='bbox 293 789 416 854; x_wconf 85' lang='lat' dir='ltr'>Pontice,</span> <span class='ocrx_word' id='word_1_34' title='bbox 427 805 495 841; x_wconf 88' lang='lat' dir='ltr'>voce</span> <span class='ocrx_word' id='word_1_35' title='bbox 504 796 553 841; x_wconf 91' lang='lat' dir='ltr'>tua</span> <span class='ocrx_word' id='word_1_36' title='bbox 562 805 658 856; x_wconf 76' lang='lat' dir='ltr'>pouces</span> <span class='ocrx_word' id='word_1_37' title='bbox 668 791 815 841; x_wconf 74' lang='lat' dir='ltr'><strong>adamanta</strong></span> <span class='ocrx_word' id='word_1_38' title='bbox 825 806 947 842; x_wconf 80' lang='lat' dir='ltr'>movere:</span> 
     </span>
     <span class='ocr_line' id='line_1_7' title="bbox 331 863 1010 930; baseline 0 -15"><span class='ocrx_word' id='word_1_39' title='bbox 331 880 386 916; x_wconf 84' lang='lat' dir='ltr'>vox</span> <span class='ocrx_word' id='word_1_40' title='bbox 395 869 443 916; x_wconf 87' lang='lat' dir='ltr'>tua</span> <span class='ocrx_word' id='word_1_41' title='bbox 453 865 531 916; x_wconf 87' lang='lat' dir='ltr'>dulce</span> <span class='ocrx_word' id='word_1_42' title='bbox 541 871 630 930; x_wconf 79' lang='lat' dir='ltr'>sonat,</span> <span class='ocrx_word' id='word_1_43' title='bbox 641 864 767 917; x_wconf 82' lang='lat' dir='ltr'>Pontice:</span> <span class='ocrx_word' id='word_1_44' title='bbox 783 865 870 917; x_wconf 83' lang='lat' dir='ltr'>dulcis</span> <span class='ocrx_word' id='word_1_45' title='bbox 878 863 961 917; x_wconf 89' lang='lat' dir='ltr'>homo</span> <span class='ocrx_word' id='word_1_46' title='bbox 973 881 1010 916; x_wconf 81' lang='lat' dir='ltr'>es.</span> 
     </span>
     <span class='ocr_line' id='line_1_8' title="bbox 294 938 976 1007; baseline 0.003 -17"><span class='ocrx_word' id='word_1_47' title='bbox 294 938 417 1004; x_wconf 87' lang='lat' dir='ltr'>Pontice,</span> <span class='ocrx_word' id='word_1_48' title='bbox 427 940 469 992; x_wconf 79' lang='lat' dir='ltr'>uic</span> <span class='ocrx_word' id='word_1_49' title='bbox 478 941 559 1005; x_wconf 81' lang='lat' dir='ltr'>alico,</span> <span class='ocrx_word' id='word_1_50' title='bbox 570 941 610 992; x_wconf 80' lang='lat' dir='ltr'>sic</span> <span class='ocrx_word' id='word_1_51' title='bbox 619 946 647 993; x_wconf 88' lang='lat' dir='ltr'>tc</span> <span class='ocrx_word' id='word_1_52' title='bbox 657 955 765 1007; x_wconf 84' lang='lat' dir='ltr'>quoque</span> <span class='ocrx_word' id='word_1_53' title='bbox 776 940 878 1007; x_wconf 85' lang='lat' dir='ltr'>decipit</span> <span class='ocrx_word' id='word_1_54' title='bbox 887 955 976 992; x_wconf 85' lang='lat' dir='ltr'>orror:</span> 
     </span>
     <span class='ocr_line' id='line_1_9' title="bbox 331 1012 982 1080; baseline -0.003 -14"><span class='ocrx_word' id='word_1_55' title='bbox 331 1015 373 1066; x_wconf 82' lang='lat' dir='ltr'>via</span> <span class='ocrx_word' id='word_1_56' title='bbox 384 1014 474 1067; x_wconf 84' lang='lat' dir='ltr'>dicam</span> <span class='ocrx_word' id='word_1_57' title='bbox 483 1031 584 1080; x_wconf 84' lang='lat' dir='ltr'>verum,</span> <span class='ocrx_word' id='word_1_58' title='bbox 594 1013 724 1069; x_wconf 82' lang='lat' dir='ltr'>Ponticcl</span> <span class='ocrx_word' id='word_1_59' title='bbox 743 1013 841 1066; x_wconf 80' lang='lat' dir='ltr'>Nullus</span> <span class='ocrx_word' id='word_1_60' title='bbox 851 1012 932 1066; x_wconf 87' lang='lat' dir='ltr'>homo</span> <span class='ocrx_word' id='word_1_61' title='bbox 944 1030 982 1066; x_wconf 80' lang='lat' dir='ltr'>es.</span> 
     </span>
    </p>
   </div>
   <div class='ocr_carea' id='block_1_3' title="bbox 585 1117 794 1163">
    <p class='ocr_par' dir='ltr' id='par_1_3' title="bbox 585 1117 794 1163">
     <span class='ocr_line' id='line_1_10' title="bbox 585 1117 794 1163; baseline -0.01 0"><span class='ocrx_word' id='word_1_62' title='bbox 585 1124 606 1163; x_wconf 75' lang='lat'>4.</span> <span class='ocrx_word' id='word_1_63' title='bbox 631 1120 670 1162; x_wconf 85' lang='lat' dir='ltr'>De</span> <span class='ocrx_word' id='word_1_64' title='bbox 688 1117 794 1163; x_wconf 76' lang='lat' dir='ltr'>vetula.</span> 
     </span>
    </p>
   </div>
   <div class='ocr_carea' id='block_1_4' title="bbox 296 1211 948 1355">
    <p class='ocr_par' dir='ltr' id='par_1_4' title="bbox 296 1211 948 1355">
     <span class='ocr_line' id='line_1_11' title="bbox 296 1211 948 1279; baseline 0.005 -17"><span class='ocrx_word' id='word_1_65' title='bbox 296 1212 384 1262; x_wconf 90' lang='lat' dir='ltr'>Tacta</span> <span class='ocrx_word' id='word_1_66' title='bbox 393 1211 494 1278; x_wconf 79' lang='lat' dir='ltr'>placeo,</span> <span class='ocrx_word' id='word_1_67' title='bbox 505 1212 600 1263; x_wconf 91' lang='lat' dir='ltr'>audita</span> <span class='ocrx_word' id='word_1_68' title='bbox 610 1212 716 1279; x_wconf 81' lang='lat' dir='ltr'>placer:</span> <span class='ocrx_word' id='word_1_69' title='bbox 731 1213 756 1264; x_wconf 81' lang='lat' dir='ltr'>ei</span> <span class='ocrx_word' id='word_1_70' title='bbox 764 1228 820 1264; x_wconf 92' lang='lat' dir='ltr'>non</span> <span class='ocrx_word' id='word_1_71' title='bbox 829 1213 948 1276; x_wconf 83' lang='lat' dir='ltr'>videare,</span> 
     </span>
     <span class='ocr_line' id='line_1_12' title="bbox 332 1286 903 1355; baseline 0.007 -19"><span class='ocrx_word' id='word_1_72' title='bbox 332 1291 394 1338; x_wconf 91' lang='lat' dir='ltr'>tota</span> <span class='ocrx_word' id='word_1_73' title='bbox 401 1286 508 1353; x_wconf 77' lang='lat' dir='ltr'>placer:</span> <span class='ocrx_word' id='word_1_74' title='bbox 520 1292 627 1351; x_wconf 91' lang='lat' dir='ltr'>neutro,</span> <span class='ocrx_word' id='word_1_75' title='bbox 638 1289 663 1339; x_wconf 81' lang='lat' dir='ltr'>ei</span> <span class='ocrx_word' id='word_1_76' title='bbox 672 1288 792 1351; x_wconf 84' lang='lat' dir='ltr'>videare,</span> <span class='ocrx_word' id='word_1_77' title='bbox 803 1286 903 1355; x_wconf 78' lang='lat' dir='ltr'>placea-</span> 
     </span>
    </p>
   </div>
   <div class='ocr_carea' id='block_1_5' title="bbox 581 1392 798 1437">
    <p class='ocr_par' dir='ltr' id='par_1_5' title="bbox 581 1392 798 1437">
     <span class='ocr_line' id='line_1_13' title="bbox 581 1392 798 1437; baseline -0.005 -1"><span class='ocrx_word' id='word_1_78' title='bbox 581 1396 603 1436; x_wconf 75' lang='grc'>5.</span> <span class='ocrx_word' id='word_1_79' title='bbox 626 1392 665 1436; x_wconf 81' lang='lat' dir='ltr'>De</span> <span class='ocrx_word' id='word_1_80' title='bbox 684 1392 798 1437; x_wconf 74' lang='lat' dir='ltr'>Milone.</span> 
     </span>
    </p>
   </div>
   <div class='ocr_carea' id='block_1_6' title="bbox 295 1474 955 1692">
    <p class='ocr_par' dir='ltr' id='par_1_6' title="bbox 295 1474 955 1692">
     <span class='ocr_line' id='line_1_14' title="bbox 295 1474 955 1544; baseline 0.005 -18"><span class='ocrx_word' id='word_1_81' title='bbox 295 1474 364 1526; x_wconf 87' lang='lat' dir='ltr'>Milo</span> <span class='ocrx_word' id='word_1_82' title='bbox 376 1475 451 1527; x_wconf 86' lang='lat' dir='ltr'>domi</span> <span class='ocrx_word' id='word_1_83' title='bbox 460 1488 516 1527; x_wconf 91' lang='lat' dir='ltr'>non</span> <span class='ocrx_word' id='word_1_84' title='bbox 526 1480 581 1526; x_wconf 76' lang='lat' dir='ltr'>est:</span> <span class='ocrx_word' id='word_1_85' title='bbox 595 1490 707 1544; x_wconf 81' lang='lat' dir='ltr'>peregre</span> <span class='ocrx_word' id='word_1_86' title='bbox 716 1476 822 1527; x_wconf 86' lang='lat' dir='ltr'>Milone</span> <span class='ocrx_word' id='word_1_87' title='bbox 832 1475 955 1543; x_wconf 80' lang='lat' dir='ltr'>proiectu</span> 
     </span>
     <span class='ocr_line' id='line_1_15' title="bbox 332 1550 930 1616; baseline -0.002 -14"><span class='ocrx_word' id='word_1_88' title='bbox 332 1565 399 1602; x_wconf 87' lang='lat' dir='ltr'>arva</span> <span class='ocrx_word' id='word_1_89' title='bbox 407 1555 518 1602; x_wconf 81' lang='lat' dir='ltr'>vacant:</span> <span class='ocrx_word' id='word_1_90' title='bbox 532 1565 604 1602; x_wconf 86' lang='lat' dir='ltr'>uxor</span> <span class='ocrx_word' id='word_1_91' title='bbox 612 1566 667 1601; x_wconf 91' lang='lat' dir='ltr'>non</span> <span class='ocrx_word' id='word_1_92' title='bbox 677 1551 767 1600; x_wconf 80' lang='lat' dir='ltr'>minue</span> <span class='ocrx_word' id='word_1_93' title='bbox 776 1550 840 1601; x_wconf 91' lang='lat' dir='ltr'>inde</span> <span class='ocrx_word' id='word_1_94' title='bbox 849 1552 930 1616; x_wconf 87' lang='lat' dir='ltr'>parit.</span> 
     </span>
     <span class='ocr_line' id='line_1_16' title="bbox 295 1623 951 1692; baseline -0.002 -17"><span class='ocrx_word' id='word_1_95' title='bbox 295 1624 350 1675; x_wconf 86' lang='lat' dir='ltr'>Cur</span> <span class='ocrx_word' id='word_1_96' title='bbox 360 1625 397 1675; x_wconf 85' lang='lat' dir='ltr'>sit</span> <span class='ocrx_word' id='word_1_97' title='bbox 407 1639 470 1692; x_wconf 83' lang='lat' dir='ltr'>ager</span> <span class='ocrx_word' id='word_1_98' title='bbox 480 1624 591 1688; x_wconf 80' lang='lat' dir='ltr'>atcrilie,</span> <span class='ocrx_word' id='word_1_99' title='bbox 602 1640 650 1675; x_wconf 90' lang='lat' dir='ltr'>cur</span> <span class='ocrx_word' id='word_1_100' title='bbox 660 1639 731 1675; x_wconf 85' lang='lat' dir='ltr'>uxor</span> <span class='ocrx_word' id='word_1_101' title='bbox 740 1623 848 1686; x_wconf 84' lang='lat' dir='ltr'>fertilis,</span> <span class='ocrx_word' id='word_1_102' title='bbox 859 1625 951 1675; x_wconf 74' lang='lat' dir='ltr'>edumr</span> 
     </span>
    </p>
   </div>
   <div class='ocr_carea' id='block_1_7' title="bbox 334 1695 940 1767">
    <p class='ocr_par' dir='ltr' id='par_1_7' title="bbox 334 1695 940 1767">
     <span class='ocr_line' id='line_1_17' title="bbox 334 1695 940 1767; baseline 0 -17"><span class='ocrx_word' id='word_1_103' title='bbox 334 1713 388 1767; x_wconf 90' lang='lat' dir='ltr'>quo</span> <span class='ocrx_word' id='word_1_104' title='bbox 399 1698 522 1752; x_wconf 75' lang='lat' dir='ltr'>fodiatur</span> <span class='ocrx_word' id='word_1_105' title='bbox 531 1713 596 1767; x_wconf 85' lang='lat' dir='ltr'>ager</span> <span class='ocrx_word' id='word_1_106' title='bbox 605 1714 661 1750; x_wconf 91' lang='lat' dir='ltr'>uon</span> <span class='ocrx_word' id='word_1_107' title='bbox 670 1697 761 1763; x_wconf 80' lang='lat' dir='ltr'>habet,</span> <span class='ocrx_word' id='word_1_108' title='bbox 771 1713 841 1750; x_wconf 82' lang='lat' dir='ltr'>uxor</span> <span class='ocrx_word' id='word_1_109' title='bbox 850 1695 940 1751; x_wconf 77' lang='lat' dir='ltr'>habet</span> 
     </span>
    </p>
   </div>
   <div class='ocr_carea' id='block_1_8' title="bbox 503 1800 876 1858">
    <p class='ocr_par' dir='ltr' id='par_1_8' title="bbox 503 1800 876 1858">
     <span class='ocr_line' id='line_1_18' title="bbox 503 1800 876 1858; baseline -0.003 -11"><span class='ocrx_word' id='word_1_110' title='bbox 503 1805 524 1847; x_wconf 66' lang='grc' dir='ltr'>ί.</span> <span class='ocrx_word' id='word_1_111' title='bbox 548 1804 588 1846; x_wconf 83' lang='lat' dir='ltr'>De</span> <span class='ocrx_word' id='word_1_112' title='bbox 605 1800 759 1846; x_wconf 77' lang='lat' dir='ltr'>histrionia</span> <span class='ocrx_word' id='word_1_113' title='bbox 778 1815 876 1858; x_wconf 78' lang='lat' dir='ltr'>poena.</span> 
     </span>
    </p>
   </div>
   <div class='ocr_carea' id='block_1_9' title="bbox 293 1885 1026 2029">
    <p class='ocr_par' dir='ltr' id='par_1_9' title="bbox 293 1885 1026 2029">
     <span class='ocr_line' id='line_1_19' title="bbox 293 1885 1026 1954; baseline -0.003 -15"><span class='ocrx_word' id='word_1_114' title='bbox 293 1888 362 1939; x_wconf 79' lang='lat' dir='ltr'>Ante</span> <span class='ocrx_word' id='word_1_115' title='bbox 372 1886 446 1939; x_wconf 79' lang='lat' dir='ltr'>lovis</span> <span class='ocrx_word' id='word_1_116' title='bbox 456 1891 574 1939; x_wconf 84' lang='lat' dir='ltr'>statuam</span> <span class='ocrx_word' id='word_1_117' title='bbox 584 1888 689 1953; x_wconf 89' lang='lat' dir='ltr'>crepuit</span> <span class='ocrx_word' id='word_1_118' title='bbox 698 1892 774 1938; x_wconf 81' lang='lat' dir='ltr'>satur</span> <span class='ocrx_word' id='word_1_119' title='bbox 784 1885 896 1939; x_wconf 73' lang='lat' dir='ltr'>hirtriot</span> <span class='ocrx_word' id='word_1_120' title='bbox 911 1901 1026 1954; x_wconf 81' lang='lat' dir='ltr'>poenam</span> 
     </span>
     <span class='ocr_line' id='line_1_20' title="bbox 332 1962 848 2029; baseline 0 -17"><span class='ocrx_word' id='word_1_121' title='bbox 332 1962 454 2029; x_wconf 91' lang='lat' dir='ltr'>luppiter</span> <span class='ocrx_word' id='word_1_122' title='bbox 461 1962 571 2027; x_wconf 82' lang='lat' dir='ltr'>indixit,</span> <span class='ocrx_word' id='word_1_123' title='bbox 580 1963 672 2013; x_wconf 87' lang='lat' dir='ltr'>vivere</span> <span class='ocrx_word' id='word_1_124' title='bbox 682 1963 716 2014; x_wconf 87' lang='lat' dir='ltr'>de</span> <span class='ocrx_word' id='word_1_125' title='bbox 726 1962 848 2029; x_wconf 90' lang='lat' dir='ltr'>proprio.</span> 
     </span>
    </p>
   </div>
   <div class='ocr_carea' id='block_1_10' title="bbox 562 2065 821 2110">
    <p class='ocr_par' dir='ltr' id='par_1_10' title="bbox 562 2065 821 2110">
     <span class='ocr_line' id='line_1_21' title="bbox 562 2065 821 2110; baseline -0.004 -1"><span class='ocrx_word' id='word_1_126' title='bbox 562 2070 582 2109; x_wconf 89' lang='lat' dir='ltr'>¹l.</span> <span class='ocrx_word' id='word_1_127' title='bbox 606 2065 638 2109; x_wconf 84' lang='lat' dir='ltr'>lu</span> <span class='ocrx_word' id='word_1_128' title='bbox 656 2068 821 2110; x_wconf 76' lang='lat' dir='ltr'>effrontem.</span> 
     </span>
    </p>
   </div>
   <div class='ocr_carea' id='block_1_11' title="bbox 294 2143 1046 2432">
    <p class='ocr_par' dir='ltr' id='par_1_11' title="bbox 294 2143 924 2286">
     <span class='ocr_line' id='line_1_22' title="bbox 294 2143 924 2211; baseline -0.002 -16"><span class='ocrx_word' id='word_1_129' title='bbox 294 2144 333 2195; x_wconf 83' lang='lat' dir='ltr'>Os</span> <span class='ocrx_word' id='word_1_130' title='bbox 344 2145 427 2207; x_wconf 87' lang='lat' dir='ltr'>atavi,</span> <span class='ocrx_word' id='word_1_131' title='bbox 439 2144 525 2211; x_wconf 79' lang='lat' dir='ltr'>patris</span> <span class='ocrx_word' id='word_1_132' title='bbox 533 2158 639 2207; x_wconf 76' lang='lat' dir='ltr'>nauum,</span> <span class='ocrx_word' id='word_1_133' title='bbox 651 2145 705 2195; x_wconf 92' lang='lat' dir='ltr'>duo</span> <span class='ocrx_word' id='word_1_134' title='bbox 715 2144 819 2197; x_wconf 87' lang='lat' dir='ltr'>lumina</span> <span class='ocrx_word' id='word_1_135' title='bbox 828 2143 924 2210; x_wconf 82' lang='lat' dir='ltr'>patrie,</span> 
     </span>
     <span class='ocr_line' id='line_1_23' title="bbox 332 2217 839 2286; baseline 0.002 -18"><span class='ocrx_word' id='word_1_136' title='bbox 332 2224 360 2269; x_wconf 90' lang='lat' dir='ltr'>et</span> <span class='ocrx_word' id='word_1_137' title='bbox 369 2220 463 2270; x_wconf 85' lang='lat' dir='ltr'>matris</span> <span class='ocrx_word' id='word_1_138' title='bbox 475 2224 568 2286; x_wconf 76' lang='lat' dir='ltr'>gertus</span> <span class='ocrx_word' id='word_1_139' title='bbox 578 2220 648 2271; x_wconf 81' lang='lat' dir='ltr'>dicis</span> <span class='ocrx_word' id='word_1_140' title='bbox 658 2217 757 2270; x_wconf 87' lang='lat' dir='ltr'>habere</span> <span class='ocrx_word' id='word_1_141' title='bbox 766 2218 839 2271; x_wconf 82' lang='lat' dir='ltr'>tuae.</span> 
     </span>
    </p>

    <p class='ocr_par' dir='ltr' id='par_1_12' title="bbox 295 2293 1046 2432">
     <span class='ocr_line' id='line_1_24' title="bbox 295 2293 1046 2361; baseline -0.004 -18"><span class='ocrx_word' id='word_1_142' title='bbox 295 2294 363 2344; x_wconf 87' lang='lat' dir='ltr'>Cum</span> <span class='ocrx_word' id='word_1_143' title='bbox 373 2293 476 2345; x_wconf 77' lang='lat' dir='ltr'>referas</span> <span class='ocrx_word' id='word_1_144' title='bbox 486 2294 602 2360; x_wconf 79' lang='lat' dir='ltr'>priscos,</span> <span class='ocrx_word' id='word_1_145' title='bbox 612 2293 768 2361; x_wconf 86' lang='lat' dir='ltr'>nullamque</span> <span class='ocrx_word' id='word_1_146' title='bbox 776 2295 806 2345; x_wconf 89' lang='lat' dir='ltr'>in</span> <span class='ocrx_word' id='word_1_147' title='bbox 816 2306 932 2360; x_wconf 89' lang='lat' dir='ltr'>corpure</span> <span class='ocrx_word' id='word_1_148' title='bbox 942 2296 1046 2357; x_wconf 85' lang='lat' dir='ltr'>partem</span> 
     </span>
     <span class='ocr_line' id='line_1_25' title="bbox 331 2364 947 2432; baseline -0.003 -14"><span class='ocrx_word' id='word_1_149' title='bbox 331 2370 469 2432; x_wconf 80' lang='lat' dir='ltr'>mentirie3</span> <span class='ocrx_word' id='word_1_150' title='bbox 483 2367 609 2432; x_wconf 81' lang='lat' dir='ltr'>frontem,</span> <span class='ocrx_word' id='word_1_151' title='bbox 620 2368 666 2420; x_wconf 92' lang='lat' dir='ltr'>dic</span> <span class='ocrx_word' id='word_1_152' title='bbox 675 2368 751 2431; x_wconf 75' lang='lat' dir='ltr'>milri,</span> <span class='ocrx_word' id='word_1_153' title='bbox 761 2370 837 2420; x_wconf 77' lang='lat' dir='ltr'>cuiue</span> <span class='ocrx_word' id='word_1_154' title='bbox 845 2364 947 2419; x_wconf 76' lang='lat' dir='ltr'>habes!</span> 
     </span>
    </p>
   </div>
   <div class='ocr_carea' id='block_1_12' title="bbox 296 2472 1006 2774">
    <p class='ocr_par' dir='ltr' id='par_1_13' title="bbox 296 2472 1006 2774">
     <span class='ocr_line' id='line_1_26' title="bbox 559 2472 802 2523; baseline -0.016 -7"><span class='ocrx_word' id='word_1_155' title='bbox 559 2477 597 2523; x_wconf 50' lang='grc' dir='ltr'>Ἰ8.</span> <span class='ocrx_word' id='word_1_156' title='bbox 621 2472 661 2515; x_wconf 79' lang='lat' dir='ltr'>Ad</span> <span class='ocrx_word' id='word_1_157' title='bbox 681 2473 802 2515; x_wconf 67' lang='lat' dir='ltr'>Mettum.</span> 
     </span>
     <span class='ocr_line' id='line_1_27' title="bbox 296 2547 1006 2618; baseline -0.003 -17"><span class='ocrx_word' id='word_1_158' title='bbox 296 2551 351 2612; x_wconf 79' lang='lat' dir='ltr'>Qui</span> <span class='ocrx_word' id='word_1_159' title='bbox 360 2555 442 2618; x_wconf 82' lang='lat' dir='ltr'>negat</span> <span class='ocrx_word' id='word_1_160' title='bbox 452 2566 511 2601; x_wconf 78' lang='lat' dir='ltr'>esse</span> <span class='ocrx_word' id='word_1_161' title='bbox 522 2549 597 2602; x_wconf 89' lang='lat' dir='ltr'>domi</span> <span class='ocrx_word' id='word_1_162' title='bbox 606 2564 645 2612; x_wconf 84' lang='lat' dir='ltr'>se,</span> <span class='ocrx_word' id='word_1_163' title='bbox 654 2554 720 2600; x_wconf 90' lang='lat' dir='ltr'>tunc</span> <span class='ocrx_word' id='word_1_164' title='bbox 730 2564 788 2600; x_wconf 88' lang='lat' dir='ltr'>cum</span> <span class='ocrx_word' id='word_1_165' title='bbox 799 2549 894 2600; x_wconf 89' lang='lat' dir='ltr'>limina</span> <span class='ocrx_word' id='word_1_166' title='bbox 903 2547 1006 2616; x_wconf 78' lang='lat' dir='ltr'>paleas,</span> 
     </span>
     <span class='ocr_line' id='line_1_28' title="bbox 333 2622 926 2693; baseline -0.003 -16"><span class='ocrx_word' id='word_1_167' title='bbox 333 2626 490 2693; x_wconf 86' lang='lat' dir='ltr'>quiddicat,</span> <span class='ocrx_word' id='word_1_168' title='bbox 499 2623 605 2678; x_wconf 75' lang='lat' dir='ltr'>nesciet</span> <span class='ocrx_word' id='word_1_169' title='bbox 623 2623 751 2687; x_wconf 87' lang='lat' dir='ltr'>Dormio,</span> <span class='ocrx_word' id='word_1_170' title='bbox 761 2622 855 2687; x_wconf 87' lang='lat' dir='ltr'>Mattc,</span> <span class='ocrx_word' id='word_1_171' title='bbox 865 2624 926 2675; x_wconf 83' lang='lat' dir='ltr'>tibi.</span> 
     </span>
     <span class='ocr_line' id='line_1_29' title="bbox 567 2726 814 2774; baseline -0.016 0"><span class='ocrx_word' id='word_1_172' title='bbox 567 2732 587 2774; x_wconf 73' lang='lat'>0·</span> <span class='ocrx_word' id='word_1_173' title='bbox 612 2728 653 2771; x_wconf 77' lang='lat' dir='ltr'>Ad</span> <span class='ocrx_word' id='word_1_174' title='bbox 673 2726 814 2771; x_wconf 77' lang='lat' dir='ltr'>Milonem.</span> 
     </span>
    </p>
   </div>
   <div class='ocr_carea' id='block_1_13' title="bbox 293 2806 1051 2960">
    <p class='ocr_par' dir='ltr' id='par_1_14' title="bbox 293 2806 1051 2960">
     <span class='ocr_line' id='line_1_30' title="bbox 293 2806 1047 2881; baseline 0.004 -25"><span class='ocrx_word' id='word_1_175' title='bbox 293 2809 373 2869; x_wconf 79' lang='lat' dir='ltr'>Tura,</span> <span class='ocrx_word' id='word_1_176' title='bbox 381 2809 470 2875; x_wconf 86' lang='lat' dir='ltr'>piper,</span> <span class='ocrx_word' id='word_1_177' title='bbox 482 2813 581 2875; x_wconf 76' lang='lat' dir='ltr'>vester,</span> <span class='ocrx_word' id='word_1_178' title='bbox 593 2812 752 2881; x_wconf 82' lang='lat' dir='ltr'>argentum,</span> <span class='ocrx_word' id='word_1_179' title='bbox 758 2806 1013 2877; x_wconf 60' lang='lat' dir='ltr'>pertingemus,</span> <span class='ocrx_word' id='word_1_180' title='bbox 1045 2856 1047 2859; x_wconf 84' lang='lat'>.</span> 
     </span>
     <span class='ocr_line' id='line_1_31' title="bbox 318 2875 1051 2960; baseline 0 -29"><span class='ocrx_word' id='word_1_181' title='bbox 318 2881 442 2948; x_wconf 82' lang='lat' dir='ltr'>rendere,</span> <span class='ocrx_word' id='word_1_182' title='bbox 453 2884 539 2955; x_wconf 87' lang='lat' dir='ltr'>Milo,</span> <span class='ocrx_word' id='word_1_183' title='bbox 553 2887 648 2958; x_wconf 74' lang='lat' dir='ltr'>solea,</span> <span class='ocrx_word' id='word_1_184' title='bbox 663 2905 734 2944; x_wconf 83' lang='lat' dir='ltr'>curu</span> <span class='ocrx_word' id='word_1_185' title='bbox 743 2885 856 2960; x_wconf 62' lang='lat' dir='ltr'>quibua</span> <span class='ocrx_word' id='word_1_186' title='bbox 866 2875 1051 2935; x_wconf 48' lang='lat' dir='ltr'>entonam</span> 
     </span>
    </p>
   </div>
   <div class='ocr_carea' id='block_1_14' title="bbox 0 0 1381 3450">
    <p class='ocr_par' dir='ltr' id='par_1_15' title="bbox 0 0 1381 3450">
     <span class='ocr_line' id='line_1_32' title="bbox 0 0 1381 3450; baseline 0 0"><span class='ocrx_word' id='word_1_187' title='bbox 0 0 1381 3450; x_wconf 95' lang='lat' dir='ltr'> </span> 
     </span>
    </p>
   </div>
  </div>
 </body>
</html>
