2750 3450
390 357 438 407 lsl
676 356 893 404 Maenalus

389 483 413 532 si
424 481 512 543 dolor,
525 479 638 542 ethilis,
652 480 676 529 si
690 480 763 530 iusta
774 480 895 546 coegerit
904 479 958 544 lra,

389 573 466 606 ursus
478 556 541 604 crit:
552 570 639 605 vacua
650 554 743 604 dentes
753 555 782 604 in
792 555 863 620 pelle
873 552 987 621 fatiges,

390 636 417 680 ct
427 631 538 680 tacitam
551 644 675 695 quaeras,
691 643 770 695 quam
781 629 872 694 possis
883 629 984 681 rodere
996 646 1106 685 carnem

663 735 697 774 65.
723 732 761 773 lu
782 731 908 775 Tuccam.

389 811 563 862 llexamctrr's
573 811 743 877 epigramma
752 807 835 871 lacis,
845 811 904 860 scio
915 808 1012 863 dicere
1023 810 1106 864 Tucc¹

427 887 528 948 Tucca,
540 886 612 936 solet
620 884 693 945 ficri;
704 884 829 950 denique,
840 883 943 947 Tucca,
955 884 1034 937 licet.

389 960 443 1012 Sed
452 966 543 1011 tamen
553 958 606 1010 hoc
616 958 727 1026 longum
739 965 787 1009 est.
808 957 886 1009 Solet
894 957 950 1011 hoc
960 960 1106 1028 quoque,‘l

877 1033 1010 1102 licetque.

426 1109 455 1161 Si
466 1111 594 1161 breviora
604 1109 715 1174 probas,
730 1105 849 1158 disticha
862 1109 924 1160 sola
934 1109 1024 1177 legas.

389 1185 541 1237 conveniat
551 1183 631 1234 nobis
637 1219 645 1246 ,
660 1188 692 1233 ut
701 1181 743 1233 fas
755 1183 954 1249 epigrammata
964 1185 1054 1253 longa

425 1261 462 1311 sit
471 1258 588 1310 transire
598 1258 663 1320 tibi,
683 1257 811 1320 scribere,
823 1258 924 1322 Tucca,
936 1257 1017 1309 mihi.

500 1366 534 1406 66.
559 1361 598 1404 lle
619 1374 760 1416 praecone
780 1361 905 1416 puellam
924 1364 1079 1409 vendente.

496 1439 597 1490 Famae
607 1453 662 1490 non
672 1440 785 1490 nimium
795 1439 885 1490 bonae
899 1440 1033 1507 puellam,

497 1514 591 1581 quales
601 1514 629 1564 iu
639 1514 731 1565 media
744 1514 839 1565 sedent
849 1512 980 1578 Saburra,

496 1589 631 1640 vendebat
644 1589 727 1640 modo
742 1604 842 1656 praeco
854 1588 1010 1642 Gellianus.

473 1682 481 1697 ·
498 1663 586 1717 Parvo
599 1680 658 1716 cum
669 1666 759 1732 pretio
770 1664 818 1715 diu
827 1665 931 1728 liceret,

497 1741 560 1791 dum
571 1756 666 1807 puram
678 1740 753 1807 cupit
764 1742 917 1806 approbare
928 1749 1051 1797 cuncus:

499 1817 614 1867 attraxit
627 1831 713 1882 prope
729 1831 759 1865 sc
769 1831 852 1866 uranu
860 1823 1022 1883 negantem:

498 1897 525 1942 et
534 1891 586 1954 bis,
601 1897 705 1957 terque,
722 1897 870 1957 quaterque
881 1891 1013 1945 basiavit.

499 1964 571 2027 Quid
582 1965 730 2032 profecerit
740 1966 844 2027 osculo,
858 1968 995 2032 requiris!

498 2040 647 2092 Sexcentas
657 2040 741 2091 modo
753 2040 902 2106 quidamst,
917 2046 1040 2110 negavit.

506 2155 539 2196 dl.
564 2153 603 2194 Ad
623 2151 776 2194 Pannicum
797 2152 829 2195 de
849 2151 948 2196 Gellia
967 2169 1067 2199 uxore.

390 2247 444 2299 Gur
454 2252 558 2297 tantum
569 2244 709 2298 eunuchus
718 2244 820 2297 habeat
829 2253 877 2296 tua
889 2246 996 2313 Gellia,
1012 2266 1062 2318 que

425 2319 560 2373 Pannicei
579 2319 645 2372 Vult
654 2322 725 2372 futui
739 2320 838 2384 Gellia,
848 2338 903 2373 nou
914 2338 1022 2389 parere.

555 2429 588 2469 68.
614 2428 654 2469 De
674 2432 761 2468 marte
781 2426 901 2479 Eutychi
923 2431 1014 2483 pueri.

387 2501 464 2553 Flete
474 2502 551 2554 nefas
561 2510 694 2566 vestram,
708 2502 756 2553 scd
767 2508 827 2554 toto
840 2501 901 2554 llete
911 2502 1044 2570 Lucrino,

425 2576 536 2642 Naides,
548 2585 575 2629 et
585 2580 673 2630 luctus
683 2578 785 2629 sentiat
794 2578 855 2644 ipsa
866 2576 970 2630 Thetis.

387 2651 460 2702 lnter
469 2652 591 2705 Baianas
600 2660 696 2720 raptus
707 2667 773 2719 parer
784 2654 886 2704 occidit
896 2653 984 2706 undas

422 2725 573 2795 Eutychus,
585 2729 633 2780 ille
643 2734 728 2791 tuum,
740 2727 871 2790 castrice,
883 2727 962 2780 dulce
973 2730 1030 2781 latu

370 2800 431 2855 Hic
442 2804 496 2858 tilu'
507 2822 641 2861 curarum
651 2806 758 2872 socius,
769 2804 1025 2874 blandumqueleua

397 2877 452 2935 llic
468 2899 569 2956 amor,
585 2883 834 2944 hicnostriuatis
843 2877 940 2935 alexis
954 2885 1018 2930 erat
