2750 3450
366 354 369 363 '
422 382 739 431 neronamnrrun
773 382 931 429 cravnr.
1025 380 1073 429 nor

281 504 320 558 Ne
330 516 472 559 contemne
482 511 573 573 caput,
582 503 651 556 nihil
665 511 707 557 est
716 505 837 556 furacius
846 504 909 556 illo·

316 598 370 634 non
380 580 434 632 fuit
442 581 571 647 Autolyci
581 586 638 631 tam
649 582 775 647 piperata
785 596 888 630 uranus.

281 656 360 707 Hunc
368 661 399 707 tu
409 657 552 708 convivam
564 661 659 706 cannis
670 671 778 706 servare
789 662 937 705 memento:

315 736 380 782 tunc
389 730 464 793 furit,
478 736 559 797 atque
570 731 650 781 oculo
661 729 753 780 luscus
763 735 878 794 utroque
889 730 972 779 videt.

281 806 384 857 Pocula
394 805 507 857 solliciti
519 805 634 872 perdunt
644 804 796 871 ligulasque
808 804 934 866 ministri,

317 886 345 932 et
354 880 423 931 latet
431 881 460 930 in
470 881 564 946 tepido
576 880 695 946 plurima
706 894 805 943 mappa
815 879 884 928 sinn.

281 955 374 1023 Lapsa
384 970 461 1005 neca
472 955 564 1006 cubito
575 954 725 1004 subducere
736 953 822 1019 pallia
832 953 928 1014 nescit,

316 1036 344 1080 et
353 1035 441 1080 tectus
450 1029 538 1079 laenis
548 1043 630 1094 saepe
641 1028 747 1078 duabus
759 1028 824 1077 abit.
920 1078 922 1081 ,

263 1126 270 1133 ·
280 1104 337 1156 Nec
348 1104 539 1155 dormitantem
551 1119 658 1154 vernam
670 1102 799 1153 fraudare
809 1101 919 1152 lucerna

316 1179 425 1231 erubuit
434 1177 530 1241 fallax,
541 1178 637 1228 ardeat
646 1178 697 1228 illa
706 1178 779 1228 licet.

279 1253 309 1305 Si
319 1252 390 1305 nihil
400 1254 510 1316 invasit,
521 1268 632 1319 puerum
642 1258 708 1302 tunc
718 1257 776 1302 arte
786 1251 885 1302 dolosa

317 1329 425 1390 circuit,
435 1335 462 1379 et
472 1328 563 1379 soleas
572 1328 685 1393 surripit
694 1327 754 1392 ipse
765 1342 837 1376 suas.

545 1435 579 1475 60.
604 1430 635 1473 lu
656 1430 810 1474 Claudiam.

277 1526 394 1579 Summa
402 1524 524 1576 Palatini
534 1529 645 1592 poteras
656 1541 773 1592 aequare
785 1524 904 1588 Colossi,

316 1601 342 1653 si
352 1600 431 1652 heres
440 1600 560 1664 brevior,
571 1600 697 1663 Claudia,
707 1601 906 1667 sesquipedem.

453 1707 487 1748 it.
511 1704 551 1747 Ad
571 1704 715 1754 Severum,
740 1705 771 1746 do
792 1704 903 1747 cirino.

334 1784 417 1836 Livet
426 1783 551 1847 (larinus,
561 1786 703 1851 rumpitur,
714 1783 789 1845 furit,
798 1784 899 1849 plorat,

335 1865 363 1911 et
373 1860 481 1925 quaerit
491 1860 572 1922 altos,
582 1860 655 1910 unde
665 1859 791 1925 pendeat,
802 1874 906 1909 ramos:

235 1941 238 1946 '
334 1949 391 1986 uon
400 1935 456 1984 ium
467 1934 541 2000 qnod
552 1936 617 1986 orbe
628 1940 726 1985 cantor
736 1939 762 1984 et
772 1934 850 1999 legor
858 1939 933 1995 toto;

334 2024 386 2060 nec
396 2009 532 2060 umbilicis
543 2011 617 2075 quod
628 2010 743 2060 decorus
757 2014 784 2059 et
795 2008 875 2059 cedro

335 2098 452 2151 spargor
461 2098 509 2149 per
520 2099 622 2147 omnes,
633 2084 721 2135 Roma
732 2099 799 2150 quas
809 2089 891 2145 tenet,
901 2089 1009 2150 gentes:

335 2158 385 2209 sed
396 2157 469 2224 quod
480 2158 529 2210 snb
539 2160 606 2209 urbe
615 2176 660 2210 rus
672 2158 802 2210 habemus
813 2159 954 2221 aestivum,

334 2230 512 2299 vehimurque
522 2235 603 2284 mulis
613 2250 677 2297 non,
686 2241 718 2285 ut
728 2241 799 2296 ante,
811 2233 961 2284 conductis„

336 2306 411 2367 Quid
420 2308 602 2373 imprecabor,
614 2325 629 2361 o
642 2307 750 2372 Severe,
760 2306 873 2360 liventil

335 2380 400 2433 Hoc
411 2387 490 2448 opto:
505 2383 593 2434 mulas
604 2383 713 2448 habeat,
724 2391 750 2435 et
760 2383 953 2434 suburbanum.

558 2491 592 2531 62,
617 2489 657 2531 De
676 2490 803 2531 Picente.

228 2599 230 2612 .
275 2563 386 2618 Scribit
394 2564 424 2614 in
435 2579 531 2616 aversa
541 2564 639 2616 Picens
649 2566 847 2631 epigrammata
862 2560 971 2624 charta,

318 2644 348 2691 et
359 2639 443 2703 dolet,
454 2654 551 2691 averso
563 2640 637 2706 quod
646 2639 715 2691 facit
725 2639 775 2689 illa
785 2640 847 2689 deo.

582 2747 615 2787 ta.
640 2745 679 2787 De
700 2742 778 2786 Aulo.

277 2819 438 2888 Thestylon
448 2821 533 2872 Aulus
544 2826 627 2885 aurat,
637 2821 685 2872 sed
696 2838 746 2872 nec
755 2822 844 2871 minus
855 2820 932 2871 ardet
941 2821 1050 2871 Alexini

318 2894 438 2948 forsitan
448 2901 476 2948 et
484 2902 606 2948 nostrum
617 2898 657 2949 sic
667 2894 846 2965 Hyacinthon
857 2901 940 2949 amat.
