2750 3450
450 399 930 448 urrannnunruunrn.1u.
970 372 973 383 “
1051 399 1084 450 73

540 523 575 562 40.
597 486 839 562 In'Tlrclcsinum.

293 597 392 649 Mutua
403 597 476 664 quod
486 597 566 648 nobis
576 601 617 645 ter
628 595 824 661 quinquaginta
834 595 935 646 dedisti

332 688 366 724 ex
378 672 476 739 opibus
486 672 578 733 tantis,
591 685 658 735 quas
668 670 760 735 gravis
771 668 835 720 arc'a
845 672 953 736 premit:

295 763 355 798 esse
365 747 417 798 tibi
427 761 549 812 maguus,
561 743 713 804 l'helcsinc,
724 744 826 794 videris
840 743 960 796 anricus?

332 823 375 873 Tu
385 835 507 889 magnus,
520 820 592 886 quod
603 816 669 869 daal
688 817 774 868 lmmc
785 833 846 884 ego,
861 820 933 884 quud
943 820 1051 887 recipis.

485 945 519 983 41.
542 940 575 982 Iu
593 938 731 981 lacertam
751 937 896 982 caelatam.

404 1017 509 1068 Inserta
519 1013 628 1082 phialae
638 1013 772 1065 Mentoris
786 1031 868 1066 manu
878 1016 960 1067 (lucta
994 1011 996 1015 ’

404 1092 508 1142 lacerta
517 1091 593 1152 vivit,
604 1094 631 1140 et
639 1090 750 1139 timetur
760 1095 908 1156 argentum.

576 1214 611 1252 42.
634 1207 667 1252 In
685 1208 802 1254 Pollam.

295 1289 429 1341 Lomento
441 1302 522 1354 rugas
532 1288 603 1339 uteri
614 1286 687 1353 quod
699 1287 814 1338 condere
824 1293 922 1351 tentas,

331 1364 425 1425 Polla;
442 1363 494 1413 tibi
503 1367 631 1425 ventrem,
642 1377 697 1412 nnn
707 1360 773 1411 mihi
785 1363 863 1414 labra
875 1364 947 1414 linis.

297 1438 463 1506 Simpliciter
473 1444 566 1503 pateat
575 1437 671 1487 vitium
681 1435 800 1488 fortasse
810 1438 950 1504 pusillum:

333 1515 406 1580 quod
416 1513 524 1580 tegitur,
535 1511 622 1562 maius
634 1510 753 1562 creditur
762 1527 821 1563 esse
834 1513 943 1563 malurn.

557 1618 591 1658 le.
615 1613 647 1656 In
665 1614 821 1658 Lcutinurn.

294 1693 421 1745 Mentiris
431 1693 554 1744 iuvenem
564 1693 666 1756 tinctis,
677 1690 801 1755 Lentine,
816 1680 944 1759 capillis,¹

331 1775 388 1819 tarn
400 1768 490 1819 subito
502 1767 759 1833 corvus‚q11imndn
771 1782 874 1833 cygnus
884 1783 953 1818 eras.

294 1842 357 1895 Nun
369 1858 461 1894 omnes
472 1841 564 1893 falles:
581 1843 633 1892 scit
642 1847 670 1891 tc
680 1840 845 1907 Proserpina
856 1857 964 1892 canum:

331 1917 481 1969 Personam
492 1918 577 1984 capiti
588 1914 711 1966 detrahet
720 1916 771 1965 illa
779 1921 836 1966 tun.

549 2025 583 2063 44.
607 2019 639 2061 Iu
658 2020 831 2073 Ligurinum.

367 2096 492 2149 Occurrit
500 2097 551 2148 tibi
561 2113 640 2148 neuro
653 2097 726 2164 quod
737 2097 864 2148 libenter:

368 2172 450 2239 quod,
462 2185 620 2239 quacunque
630 2173 715 2233 venis,
726 2170 792 2239 luga
801 2159 851 2235 est,
864 2176 891 2222 ct
899 2172 994 2241 ingens

369 2248 442 2298 circa
452 2253 487 2309 te,
499 2246 636 2313 Ligurine,
648 2246 782 2296 solitudo:

368 2322 434 2387 qnid
445 2323 488 2384 sit,
500 2322 569 2371 scire
581 2319 672 2386 cupis?
692 2319 780 2370 Nimis
793 2324 876 2386 poeta
886 2334 927 2370 es:

367 2394 421 2446 hoc
432 2396 510 2447 valde
519 2395 614 2447 vitium
626 2394 808 2459 periculosum
819 2399 868 2444 est.

366 2468 430 2521 Non
441 2471 519 2536 tigris
531 2469 628 2520 catulis
639 2470 724 2519 citata
733 2469 829 2533 raptis,

366 2560 424 2596 non
435 2546 527 2610 dipsas
538 2543 627 2594 medic
639 2548 749 2609 perusta
759 2535 832 2603 Sole,

366 2635 423 2671 nnn
432 2620 472 2670 sic
482 2620 606 2685 scorpius
616 2618 756 2683 improbus
769 2617 887 2665 timetur.

366 2692 437 2745 Nam
448 2699 549 2755 tantos,
560 2708 637 2759 rogo,
649 2692 709 2757 quis
719 2690 789 2741 ferat
798 2688 924 2744 laboresi

364 2769 403 2820 Et
411 2768 495 2819 stanti
505 2768 583 2836 legis,
594 2773 622 2820 ct
631 2767 702 2838 legis
713 2766 837 2821 sedentis

355 2844 476 2894 currenti
484 2842 566 2913 legis,
578 2853 609 2899 et
618 2846 694 2919 legis
705 2848 833 2903 cacanti.

340 2914 375 2965 ln
384 2913 510 2974 thermus
520 2920 622 2992 fugi03
637 2944 734 2986 sonas
748 2930 790 2985 au
799 2942 920 2983 aurern·
