2750 3450
570 306 575 345 i

427 350 745 461 uersusirsusruu
772 389 841 435 urs.
870 389 912 435 rx.
994 389 1064 439 x217

540 464 548 493 Ι

274 507 346 573 Quid
355 508 456 576 loquer
463 508 587 573 Alciden,
593 506 915 578 Phoebumque,piosque
924 511 1066 565 Laconas?

310 582 406 635 addita
417 583 482 650 quid
496 582 581 634 butio
591 583 688 634 Flavia
698 586 799 652 templs
813 585 896 652 polu!

273 658 430 725 Exspectes,
440 662 469 708 et
478 659 623 721 sustineas,
633 659 762 725 Auguste,
771 675 882 711 necesse
892 667 946 712 est:

309 748 373 784 nam
382 733 434 784 tibi
445 732 519 799 quod
528 732 627 796 solvat,
637 748 693 784 uon
703 732 785 785 habet
795 750 860 785 area
872 734 954 788 iovis.

537 840 557 880 d.
580 836 613 880 lu
631 835 807 892 Aeschylum.

271 931 399 984 Aureolis
409 930 480 982 futui
491 935 550 981 curo
560 931 649 996 possit
660 929 742 982 Galla
753 931 868 995 duobus,

310 1012 339 1058 et
347 1006 408 1073 pius
419 1020 499 1073 quam
510 1003 589 1067 futui,
600 1005 624 1055 si
633 1006 749 1056 totidem
760 1006 912 1058 addideris:

273 1081 403 1134 umeolos
414 1095 431 1130 a
439 1085 467 1130 te
478 1095 525 1130 cur
535 1080 643 1146 accipit,
653 1078 796 1147 Aeschylo,
806 1080 909 1132 deuosi

309 1155 374 1208 Non
384 1154 462 1206 fellat
470 1155 541 1205 tanti
552 1152 642 1204 Galia.
670 1153 744 1214 Quid
755 1155 837 1224 ergoi
857 1157 951 1208 Tacet.

553 1260 573 1301 d.
598 1258 630 1301 In
648 1257 786 1303 Paullum.

272 1351 550 1415 NuberevisPrisco,
560 1368 616 1403 non
625 1353 720 1416 miror,
730 1352 842 1405 Pauline
858 1354 965 1421 sapisti.

310 1429 418 1480 Ducere
428 1433 454 1478 te
466 1443 522 1478 uun
531 1427 590 1478 vult
598 1426 721 1479 Priscus:
737 1429 821 1480 stille
830 1430 911 1497 sapit.

521 1534 542 1574 i.
565 1531 605 1574 Ad
621 1532 821 1575 Domitianum.

312 1625 387 1688 Tibi,
397 1640 500 1677 summe
510 1622 597 1676 Rheni
607 1625 736 1688 domitor,
747 1631 775 1677 et
783 1641 881 1692 parens
891 1628 975 1692 orbis,

311 1701 412 1769 pudice
421 1700 556 1768 princeps,
566 1700 671 1769 gratiss
682 1706 766 1768 agunt
774 1702 868 1766 urbes3

311 1776 429 1843 populos
440 1774 589 1827 habebunt:
604 1790 700 1841 parere
714 1776 770 1826 iam
781 1778 869 1828 scelus
880 1784 995 1831 nonest.

310 1849 374 1902 Non
384 1865 451 1917 puer
461 1851 538 1901 avari
548 1856 638 1901 sectus
648 1855 707 1901 erte
716 1852 860 1918 mangonis

310 1925 452 1977 virilitatis
463 1924 563 1976 dansua
571 1930 676 1975 moeret
688 1932 810 1992 ereptae:

311 2014 361 2051 neo
372 2014 453 2067 quam
463 1999 595 2066 superbus
605 2005 744 2065 computet
753 2001 852 2067 stipem
862 2001 935 2066 leno,

311 2074 360 2126 dat
369 2075 517 2141 prostituto
531 2075 632 2125 misera
642 2080 730 2126 mater
738 2075 846 2126 infanti.

312 2148 368 2211 Qui
376 2164 428 2201 nec
438 2149 521 2201 cubili
530 2148 620 2200 fuerat
631 2156 694 2200 unte
704 2155 730 2201 te
741 2151 877 2217 quondam

310 2223 409 2291 pudor,
420 2239 479 2276 esse
490 2229 574 2290 perte
585 2225 677 2289 coepit
687 2230 715 2275 et
724 2225 859 2292 lupanari.

572 2332 592 2371 8.
616 2328 648 2371 Iu
668 2328 772 2373 Afrum.

250 2439 252 2444 ·
272 2413 374 2466 Dicere
383 2414 418 2466 de
428 2413 542 2482 Libycis
552 2416 645 2466 reduci
655 2416 709 2466 tibi
718 2416 853 2482 gentibus,
862 2414 935 2479 dier,

312 2489 449 2540 coutinuis
459 2489 533 2541 volui
545 2489 662 2557 quinque
672 2489 768 2540 diebus
782 2505 840 2541 ave.

272 2561 338 2615 Nou
347 2569 436 2627 vacat,
447 2570 494 2616 sut
503 2564 613 2628 dormit,
624 2563 727 2615 dictum
736 2564 780 2614 bis
788 2570 883 2631 terque
894 2580 1012 2617 reverso.

311 2637 370 2689 lsm
379 2640 448 2691 satis
458 2645 512 2690 est:
526 2655 582 2691 non
591 2639 642 2703 vis,
655 2637 728 2701 Afer,
740 2653 837 2705 avere:¹
847 2639 918 2690 vale.

522 2747 543 2787 9.
565 2743 605 2786 rid
625 2744 824 2788 Domitiuuusr.

275 2820 421 2888 Tanquam
430 2835 516 2887 parsu
524 2819 598 2874 ioret
606 2835 687 2873 sexus
696 2821 798 2872 iniuria
806 2822 894 2872 nostrl

312 2894 467 2949 foedandus
477 2895 581 2963 populo
590 2897 765 2963 prostituisse
775 2911 879 2949 mares:
