2750 3450
373 384 423 435 iuti
659 382 872 430 araualdus

373 507 433 561 Sint
443 508 625 568 Maecenates,
634 522 688 556 non
700 507 820 569 deerunt,
833 505 939 569 Flacce,
951 506 1092 569 Marones,

411 581 608 650 Virgilinmque
617 581 670 631 tibi
678 583 721 632 vel
731 587 779 632 tua
788 596 853 631 rura
862 580 974 631 dabunt.

373 659 469 726 iugera
480 657 635 723 perdiderat
644 657 759 707 miserae
773 656 864 706 vicina
874 655 1036 721 Cremonae,

410 732 492 783 tiebat
502 738 529 781 et
539 731 670 781 abductas
681 732 796 797 'l'ityrns
806 745 887 796 aeger
897 746 971 782 oves.

373 807 445 859 Risit
455 808 559 857 Tuscus
569 821 661 872 eques,
671 809 912 872 paupertatemque
925 806 1075 876 malignam

410 881 536 948 reppulit,
547 886 575 931 et
584 880 666 931 celeri
675 881 757 931 iussit
767 879 843 930 abire
852 879 926 946 iuga.

372 957 471 1023 Accipe
482 955 602 1017 divitias,
612 961 641 1005 et
649 961 742 1009 votum
750 955 886 1005 maximus
896 959 969 1007 esto:

410 1037 439 1081 tu
451 1031 514 1080 licet
525 1040 552 1080 et
561 1036 693 1093 nostrum,
704 1030 783 1092 dixit,
792 1029 889 1080 Alexin
899 1044 983 1082 ames.

374 1105 507 1157 Adstabat
517 1105 620 1156 domini
630 1105 732 1156 mensis
741 1101 937 1170 pulcherrimus
947 1105 1005 1169 ille,

410 1194 563 1230 tirannorea
572 1177 687 1245 ¹fundens
698 1180 777 1245 nigra
786 1178 904 1229 Falerna
912 1194 1009 1244 manu3

373 1262 401 1307 et
410 1255 498 1305 libata
507 1253 591 1304 dabat
600 1255 688 1304 roseis
701 1252 840 1304 carchesia
850 1253 945 1317 labris,

312 1371 318 1376 .
411 1344 480 1395 quae
492 1328 714 1394 poterantipsum
725 1328 877 1378 sollicitare
887 1328 988 1380 lovem.

373 1403 484 1454 Excidit
493 1402 610 1452 attonito
622 1402 731 1469 pinguis
742 1400 859 1453 Galatea
868 1408 975 1469 poetae,

412 1476 551 1543 Thestylis
561 1482 588 1527 et
597 1476 695 1527 rubras
704 1476 837 1528 messibus
847 1483 909 1529 usta
918 1493 1017 1545 genas:

373 1553 498 1622 protinus
510 1551 616 1601 ltaliam
627 1552 761 1618 concepit,
773 1559 800 1602 et
810 1567 886 1603 arma
894 1553 1047 1620 virumque,

411 1627 457 1694 qui
468 1626 551 1677 modo
562 1626 609 1677 vix
618 1625 739 1677 Culicem
751 1624 861 1677 fleverat
872 1642 919 1678 ore
932 1628 1002 1679 rndi.

277 1763 279 1770 Ι
374 1702 447 1770 Quid
459 1699 547 1753 Varos
557 1700 720 1769 Marsosque
730 1701 838 1769 loquar,
851 1701 992 1770 ditataque
1001 1710 1097 1755 vatum

411 1778 531 1840 nomina,
544 1792 658 1845 magnus
667 1778 721 1827 erit
734 1792 803 1844 quos
813 1793 953 1829 numerare
963 1778 1060 1830 labori

280 1849 285 1862 ¹
374 1850 447 1919 Ergo
459 1868 505 1903 cro
517 1849 658 1920 Virgilius,
669 1852 693 1902 si
704 1867 815 1902 munera
825 1852 994 1904 Maecenatis

410 1927 458 1977 des
468 1925 552 1977 milit
571 1926 706 1994 Virgilius
715 1943 770 1977 non
781 1943 838 1990 ero,
848 1926 956 1978 Marsus
967 1943 1024 1979 ero.

649 2010 682 2049 tt.
708 2007 746 2047 De
766 2008 890 2050 Picente.

375 2068 442 2120 Tres
453 2068 549 2120 habuit
557 2069 660 2131 dentes,
671 2070 774 2135 pariter
786 2081 855 2135 qnos
865 2071 974 2136 exspuit
984 2087 1091 2136 omncs,

411 2144 446 2194 ad
457 2143 586 2194 tumulum
597 2142 695 2195 Picens
706 2144 769 2193 dum
781 2144 857 2195 sedet
866 2146 925 2210 ipse
935 2161 1028 2209 suum3

375 2219 538 2285 collegitque
549 2219 610 2269 sinu
620 2216 773 2285 fragmenta
783 2220 933 2270 novissima
943 2220 1000 2271 laxi

411 2294 476 2356 oris,
487 2299 514 2343 et
525 2299 637 2360 aggesta
648 2293 845 2344 contumulavit
856 2292 948 2345 humo.

377 2369 445 2419 Ossa
456 2368 520 2418 licet
530 2367 665 2434 quondam
678 2367 798 2417 defuncti
809 2385 864 2419 non
876 2369 948 2435 legat
958 2367 1051 2421 heres:

410 2439 463 2493 hoc
474 2443 528 2493 sibi
538 2443 593 2492 iam
603 2441 701 2493 Picens
712 2444 851 2509 praestitit
861 2445 990 2494 officium.

574 2535 586 2550 ··
605 2524 638 2563 58.
664 2520 695 2562 ln
715 2520 929 2563 Artemidorum.

374 2590 441 2642 Cum
451 2590 501 2641 tibi
512 2595 568 2641 tam
582 2606 691 2641 crassae
702 2592 765 2653 sint,
775 2591 955 2653 Artemidore,
966 2592 1105 2655 lacernae,

410 2666 512 2731 possim
522 2671 550 2716 te
563 2663 696 2733 Sagarum
705 2667 765 2716 iure
775 2680 874 2717 vocare
884 2680 954 2717 meo.

603 2757 637 2797 59.
662 2754 693 2795 Iu
712 2752 819 2795 lascnn
839 2753 937 2797 furem.

376 2817 499 2883 Adspicis
509 2816 580 2870 hunc
590 2835 644 2871 uno
655 2824 811 2871 contentum
822 2819 932 2882 lumine,
945 2820 1024 2870 cuius

410 2893 487 2959 lippo
497 2893 546 2944 sub
557 2895 652 2946 attrita
665 2893 756 2946 fronte
765 2894 865 2945 lacuna
873 2892 965 2962 pateti
