2750 3450
413 421 726 471 Euluanmmuuuui
758 427 829 473 ΗΒ.
855 428 874 475 Ι.
1007 426 1040 478 39

255 543 313 612 lpse
323 545 449 596 salutabo
461 546 567 597 decima
574 547 619 598 vel
630 548 717 599 serius
727 546 808 599 hora:

288 633 368 670 mane
376 619 428 671 tibi
437 635 487 686 pro
497 637 540 672 me
550 621 626 672 dicat
634 635 733 672 uvuuo
744 623 822 674 liber.

471 727 517 766 110.
542 725 581 768 Do
597 724 704 768 catella
718 724 823 769 Publii.

329 800 334 875 [
360 799 420 852 issa
429 805 589 866 estpassere
602 801 718 867 nequior
728 800 837 852 Catulli.

332 888 338 947 l
360 873 420 925 lssa
438 879 480 926 est
499 875 595 941 purior
613 875 708 926 osculo
727 875 877 928 columbae.

334 950 339 991 l
360 947 420 1000 lssa
429 955 471 1000 est
479 948 608 1000 blandior
618 949 744 1000 omnibus
757 951 864 1015 puellis.

360 1022 419 1074 lssa
429 1029 471 1074 est
481 1023 572 1074 aanor
580 1022 682 1074 Indicis
692 1023 804 1089 lapillis.

360 1096 421 1149 losa
430 1101 472 1149 est
481 1097 596 1148 deliciae
606 1096 706 1148 catella
715 1097 810 1151 Publi„

360 1171 488 1234 Honora,
507 1171 532 1222 si
542 1172 671 1237 queritur,
691 1172 768 1238 loqui
778 1174 895 1238 putabis.

361 1244 449 1297 Sentit
460 1245 653 1312 tristitiamque
667 1246 857 1314 gaudiumque.

361 1319 440 1371 Collo
450 1319 516 1370 nixa
526 1319 614 1382 cubat,
630 1321 756 1386 capitque
765 1336 884 1385 somnos,

359 1399 391 1445 ut
400 1394 519 1459 suspiria
529 1394 604 1444 nulla
613 1395 771 1445 sentiantur.

358 1467 396 1519 Et
404 1466 540 1518 desiderio
552 1470 769 1531 cosummatus,

359 1547 437 1610 gutta
447 1541 533 1607 pallia
541 1557 596 1592 non
606 1541 706 1592 fefellit
715 1542 785 1593 ulla:

359 1617 407 1669 ned
417 1616 519 1667 blando
531 1616 599 1681 pede
608 1617 731 1678 suscitat,
744 1623 860 1683 toroque

360 1690 460 1758 deponi
470 1696 558 1757 rogat,
569 1696 597 1741 et
605 1697 698 1741 monet
712 1691 805 1742 levam.

360 1766 460 1817 Castae
468 1771 560 1815 tantus
569 1765 641 1815 inest
650 1766 738 1831 pudor
748 1765 876 1816 catellae:

358 1840 469 1908 ignorat
478 1837 623 1890 Venerem:
642 1854 692 1892 nee
705 1840 857 1890 invenimus

359 1914 469 1982 dignum
480 1919 536 1964 tam
545 1919 639 1965 tenera
649 1914 736 1964 virum
750 1913 850 1979 puella.

358 1987 481 2040 Hancne
490 1988 538 2039 lux
547 1989 639 2054 rapiat
648 2003 773 2055 suprema
782 1993 880 2051 totam,

358 2064 433 2131 pluto
442 2061 555 2114 Publius
565 2063 694 2129 exprimit
702 2062 813 2126 tabella,

357 2138 388 2189 in
398 2152 452 2204 qua
460 2142 516 2188 tam
527 2137 642 2188 similem
657 2137 762 2189 videbis
773 2137 867 2202 lssam,

357 2213 498 2264 utsittam
508 2212 607 2263 similis
616 2211 671 2262 sibi
679 2226 730 2263 nec
738 2212 808 2277 ipsa.

358 2285 444 2338 lusam
455 2285 571 2353 denique
581 2300 652 2351 pone
662 2301 723 2337 oum
732 2286 848 2337 tabella:

357 2364 405 2411 aut
413 2365 555 2426 utramque
564 2360 673 2427 putabis
683 2376 742 2411 esse
756 2374 857 2422 verum,
891 2386 893 2390 ·
922 2378 924 2388 ¹

359 2439 559 2501 autumnumque
566 2434 677 2500 putabis
687 2448 747 2485 esse
756 2435 866 2499 pictam.

510 2531 557 2572 111.
586 2527 627 2571 Al
641 2528 694 2571 Vel
699 2542 781 2571 ooooo

255 2605 374 2659 ioribero
384 2619 426 2657 mo
437 2604 568 2672 quereris,
578 2603 677 2667 Velox,
687 2605 884 2671 epigrammata
893 2605 983 2674 longa.

282 2679 345 2747 lpse
354 2677 424 2730 nihil
434 2679 544 2732 scribis:
563 2684 594 2730 tu
603 2677 818 2730 breuioralacls.

508 2786 554 2823 112.
578 2782 618 2824 Au
638 2780 778 2835 Regulum.

255 2857 314 2910 lum
324 2857 376 2908 tibi
387 2858 424 2910 sit
432 2855 546 2924 sophiae
556 2874 607 2925 par
616 2858 699 2922 fama,
714 2863 742 2909 et
751 2867 816 2909 cura
826 2858 951 2921 (lentum,

281 2932 806 3007 ingeniopietasneominoripsatuo:
1076 2965 1092 3092 ἱ
