2750 3450
340 384 657 433 EPIGRAMMATUM
682 387 752 432 ΗΒ.
778 385 823 431 XI.
928 380 977 433 305

264 508 366 561 ucendet
374 510 424 560 ilia
433 509 565 572 basiator,
577 514 658 575 atque
667 508 730 559 illa:

264 584 436 634 bricitantem
447 584 569 634 basiabit
578 589 606 634 et
617 583 739 634 flentem:

264 658 315 708 ruit
326 659 456 711 oscitanti
467 659 582 721 basium,
594 659 767 723 natantique:

265 733 316 783 rbit
326 737 353 782 et
362 735 478 783 cacanti.
507 733 665 784 Remedium
676 731 842 783 maliuolum
853 737 903 795 est,

267 808 325 858 eius
336 807 461 870 amicum,
470 807 580 859 basiare
592 822 670 874 quem
680 806 762 858 nolis.

453 916 488 955 ⁹⁹.
511 911 543 953 in
562 911 701 955 Lesbium.

264 1002 367 1056 rthedra
377 1006 484 1071 quoties
495 1006 592 1073 surgis,
606 1007 661 1055 iam
673 1019 756 1071 saepe
765 1005 869 1066 nutavi,

265 1080 368 1130 edicant
377 1080 514 1143 miseram,
523 1079 635 1144 Lesbia,
644 1085 673 1130 te
682 1079 800 1130 tunicae.

271 1169 330 1205 cum
342 1158 442 1205 conata
451 1169 480 1206 es
491 1155 595 1217 dextra,
611 1159 711 1206 cunata
721 1154 832 1204 sinistra

265 1228 328 1290 lere,
340 1244 399 1279 eum
410 1228 530 1280 lacrimis
541 1231 647 1292 eximis,
657 1234 685 1280 et
694 1224 805 1297 ¹gemitu.

265 1304 461 1371 ›nstringrmtur
470 1305 579 1371 gemina
588 1302 771 1372 Symplegade
781 1304 844 1367 culi,

265 1377 369 1444 iiinyas
378 1378 482 1429 intrant
492 1378 671 1446 Cyaneasque
681 1385 768 1430 nates.
844 1414 847 1423 ·

265 1452 526 1518 ¹dareeupievitium
540 1453 677 1506 deformet
698 1452 826 1505 Docebo:

265 1528 330 1590 sbia,
340 1541 391 1578 nee
400 1543 496 1596 surgas
507 1543 614 1591 censeo,
629 1545 678 1579 nee
688 1528 794 1579 sedeas.

444 1637 491 1675 10⁰.
516 1633 557 1675 Ad
576 1631 715 1676 Flaccum.

265 1713 366 1767 Habere
378 1714 493 1766 amicam
503 1713 579 1778 nelo,
593 1713 701 1776 Flacca,
711 1712 847 1776 subtilem,

265 1790 335 1842 :uiua
345 1791 464 1841 lacertus
476 1790 569 1841 annuli
579 1790 633 1841 mei
643 1790 763 1856 cingant,

265 1880 328 1932 {uae
339 1865 416 1917 clune
426 1865 499 1917 nudo
510 1865 599 1929 radat,
610 1870 638 1915 et
647 1879 717 1932 genu
726 1866 841 1930 pungam

265 1940 301 1991 :ui
312 1954 388 1991 serra
396 1939 505 2003 lumbis,
515 1940 607 2007 euspis
617 1940 717 1990 eminet
729 1938 799 1988 culo.

265 2013 311 2066 ied
321 2014 394 2065 idem
405 2015 521 2066 amicam
530 2014 596 2066 nolu
608 2013 683 2066 misse
693 2012 832 2064 librarum.

265 2089 405 2141 iarnarius
415 2106 482 2152 sum,
493 2090 663 2158 pinguiarius
673 2104 730 2140 non
739 2102 807 2139 sum.

444 2198 491 2237 1⁰1.
514 2195 554 2236 Ad
573 2192 712 2237 Flteeum.

265 2269 293 2320 la
302 2274 358 2320 tam
367 2274 475 2322 tenuem
485 2272 609 2338 potuisti,
619 2271 727 2334 Flacee,
737 2268 846 2321 videre!

274 2351 350 2410 putu,
362 2346 434 2413 quod
445 2362 500 2398 nun
511 2351 561 2409 est,
571 2345 678 2409 Flaeee,
689 2346 782 2396 videre
792 2350 880 2409 putes.

456 2453 503 2492 1⁰2.
526 2451 556 2492 lu
576 2450 704 2503 Lydiam.

266 2531 300 2577 est
308 2529 446 2590 mentitus,
458 2527 541 2594 quite
551 2525 617 2577 mihi
628 2526 700 2577 dixit
709 2522 809 2575 habere
899 2573 902 2580 ,

267 2616 371 2653 musam
384 2618 499 2666 earnem,
510 2600 612 2668 Lydia,
623 2615 678 2651 uun
688 2598 796 2650 faeiem.

268 2691 292 2739 a,
304 2677 328 2726 si
337 2682 439 2740 taceas,
451 2684 478 2729 et
488 2678 511 2729 si
521 2681 577 2727 tam
587 2681 663 2726 muta
672 2674 823 2736 recumbas,

266 2766 303 2801 sm
314 2752 377 2802 silet
386 2754 415 2803 in
427 2768 489 2803 cera
498 2752 596 2813 vultus,
608 2751 672 2801 etin
681 2750 786 2801 tabula.

266 2826 359 2890 uodes
368 2827 499 2894 loqueris,
512 2841 618 2878 earnem
630 2839 747 2891 quoque,
762 2822 863 2890 Lydia,
873 2820 978 2889 perdis3

266 2915 309 2951 sua
320 2898 381 2966 pius
391 2901 467 2966 nulli,
479 2918 559 2971 quum
569 2901 630 2964 tibi,
640 2901 735 2969 lingua
744 2904 835 2951 nocet.

266 2993 362 3042 daur.
761 2993 786 3042 u
