2750 3450
364 353 367 357 ’
439 379 940 428 urreanrrunruunra.xrv.
1044 377 1093 428 357

498 503 533 543 dd.
555 500 683 543 Lucerna
702 498 888 543 cubicularia.

387 594 484 647 Dulcis
495 595 607 646 conscia
616 594 711 646 lectuli
719 594 840 658 lucerna,

386 670 521 752 quidquid
530 670 571 722 vis
581 668 670 721 facias
680 669 755 732 licet,
764 669 873 722 tacebo.

592 795 628 834 40.
654 789 788 834 Candela.

386 884 521 936 Ancillam
531 885 583 936 tibi
594 901 654 937 sors
664 884 742 937 dedit
753 885 891 949 lucernae,

387 965 462 1011 tutas
473 975 542 1027 quae
552 960 624 1027 vigil¹
631 961 718 1028 exigit
725 961 862 1012 tenebras.

455 1142 458 1148 Ι
500 1084 535 1123 41.
559 1079 687 1123 Lucerna
704 1079 883 1137 polymyxos.

293 1173 430 1226 illustrem
442 1190 502 1226 eum
512 1179 573 1226 tota
583 1175 649 1226 meis
660 1175 788 1227 convivia
797 1173 923 1238 flammis,

331 1254 427 1316 totque
437 1264 530 1318 geram
540 1265 647 1316 myxas,
656 1264 713 1301 una
720 1249 833 1303 lucerna
841 1264 936 1302 vocor.

603 1359 639 1398 42.
663 1354 777 1398 Gerena

294 1447 351 1499 Hic
359 1447 412 1499 tibi
422 1453 570 1501 nocturnos
580 1448 734 1516 praestabit
743 1463 836 1500 cereus
845 1448 937 1517 ignes.

331 1523 466 1575 subducta
475 1529 517 1575 est
526 1539 610 1590 puero
621 1539 739 1591 namque
748 1524 860 1575 lucerna
868 1529 926 1577 tuo.

456 1631 491 1670 43.
515 1627 724 1672 Candelabrum
744 1626 930 1671 Corinthium·

294 1720 416 1776 Nomina
426 1721 556 1774 candelae
566 1720 647 1774 nobis
659 1721 774 1789 antiqua
788 1721 926 1774 dederunt.
977 1732 987 1747 ·

304 1853 308 1862 ,
331 1796 395 1849 Non
404 1803 486 1849 norat
494 1812 593 1863 parcos
603 1802 686 1848 uncta
696 1797 808 1848 lucerna
817 1802 917 1862 patres.

482 1906 518 1945 44.
544 1899 750 1945 Candelabrum
768 1901 896 1955 lignenm.

293 1996 363 2048 Esse
372 1996 450 2047 vides
460 1995 576 2064 liguum:
591 2010 683 2049 serves
692 1996 748 2048 nisi
756 1996 869 2061 lumina,
882 1995 930 2047 flet

332 2072 366 2123 da
376 2071 542 2123 candelabro
551 2085 652 2139 magna
660 2071 773 2124 lucerna
781 2071 842 2123 tibi.

545 2180 580 2219 45.
602 2175 671 2219 Pila
688 2177 836 2233 paganica.

294 2267 373 2319 ilaec
383 2282 453 2334 quae
464 2269 586 2320 dilllcilis
594 2274 687 2338 turget
696 2271 833 2339 paganica
842 2271 944 2337 pluma,

332 2342 399 2395 falle
409 2346 498 2395 minus
508 2344 574 2395 laxa
583 2349 633 2409 est,
644 2351 673 2396 et
682 2347 772 2397 minus
784 2351 861 2397 arcta
872 2346 939 2413 pila.

536 2452 571 2491 st.
595 2449 661 2493 Pila
678 2448 843 2503 trigonalis.

294 2541 326 2594 Si
336 2557 379 2594 me
388 2542 528 2594 nobilibus
538 2543 593 2594 sais
603 2543 748 2610 expulsare
757 2545 886 2608 sinistris,

331 2634 392 2670 sum
401 2623 463 2669 ura:
478 2619 503 2668 si
512 2618 611 2682 nescis,
621 2620 733 2682 rustice,
742 2619 826 2671 redde
835 2619 930 2686 pilam.

610 2727 646 2766 sl.
670 2724 690 2765 F
696 2723 774 2767 allis.

293 2817 335 2869 lte
344 2817 450 2884 procul,
459 2817 584 2871 iuvenes:
599 2817 675 2870 mitis
684 2816 754 2869 mihi
764 2818 892 2870 convenit
901 2822 990 2872 aetas:

331 2892 400 2945 iolla
410 2892 488 2946 decet
496 2908 597 2961 pueros
606 2894 710 2959 ludere,
720 2893 788 2946 folle
797 2909 884 2945 senes.
