2750 3450
448 381 766 431 Eurcanmmarum
789 386 858 431 lalB.
877 387 895 430 l.
1039 383 1069 433 13

475 523 497 564 9.
520 519 639 563 Deciani
659 519 755 572 loga·
768 519 875 563 laudat.

269 615 362 678 ,Quod
373 615 464 680 magni
475 611 613 664 Thraseae
622 614 855 680 consummatique
865 613 979 665 Catonis

318 689 449 756 dogmata
458 689 499 738 sic
508 688 637 754 sequeris,
652 688 744 738 salvus
754 693 785 738 ut
793 702 853 738 esse
861 689 943 751 velis3

264 762 268 767 ’
280 769 392 831 pectore
401 778 451 813 nee
460 763 534 813 nudo
545 763 654 812 strictos
663 762 781 812 incurris
789 763 818 811 in
828 778 919 823 enses3

319 838 393 905 quud
403 836 501 887 fecisse
511 836 592 886 velim
602 841 637 897 te,
648 836 780 899 Dacians,
790 835 868 886 facis.

281 911 354 964 Nolo
365 913 460 973 virum,
471 909 548 960 facili
557 910 666 960 redimit
675 911 723 976 qui
732 911 863 976 sanguine
873 910 987 962 iamamz

317 985 389 1037 bunc
398 986 472 1047 volo,
481 984 592 1034 laudari
602 986 649 1050 qui
658 985 717 1034 sine
726 990 815 1035 morte
824 990 923 1050 potest

563 1108 596 1148 10.
624 1103 656 1147 In
671 1104 788 1148 Cottam.

279 1201 373 1251 Bellus
383 1197 466 1250 homo
476 1204 626 1266 utmagnus
635 1199 770 1262 viridem,
781 1199 870 1261 Cotta,
881 1200 981 1251 vuleri:

316 1275 365 1326 sed
375 1274 423 1341 qui
432 1273 519 1325 bellus
528 1271 611 1324 bomo
623 1278 672 1336 est,
683 1272 773 1338 Cotta,
784 1275 899 1340 pusillus
910 1273 992 1326 homo
1002 1282 1051 1326 est.
1081 1275 1087 1333 ξ

447 1400 479 1437 ll.
504 1395 543 1436 De
559 1392 686 1437 Gemella
701 1398 729 1435 et
743 1393 903 1437 Maronilla.

370 1488 443 1539 Petit
455 1487 592 1539 Gemellus
602 1487 713 1553 nuptias
722 1486 897 1550 Maronillae,

370 1569 397 1614 et
407 1565 489 1630 eupit,
500 1568 528 1613 et
536 1563 629 1625 instat,
641 1567 668 1612 et
677 1569 811 1627 precatur,
823 1567 850 1612 et
859 1563 952 1614 donat.

369 1637 479 1689 Adeone
488 1635 601 1703 pulchra
611 1634 668 1688 esti
682 1635 767 1686 lmmn
777 1636 886 1688 foedius
896 1640 935 1688 nil
946 1646 994 1690 est

370 1712 444 1775 Quid
454 1728 518 1781 ergo
529 1711 617 1763 inilia
627 1710 731 1778 petitur
740 1710 884 1779 eiplacet‘i
895 1714 999 1766 Tussis.
1056 1753 1058 1760 .

446 1837 479 1879 12.
506 1834 544 1875 Ari
560 1830 755 1875 Sextilianum
770 1837 903 1887 potorem.

278 1928 346 1979 Cmn
358 1926 423 1977 data
432 1927 487 1977 sint
498 1926 584 1993 equiti
593 1926 637 1976 bis
648 1927 731 1992 quina
740 1927 911 1990 numismata,
922 1942 1005 1994 quare

314 2002 358 2052 bis
370 2001 458 2051 decies
469 2002 553 2064 solus,-
564 1999 723 2065 Sextiliane,
737 1999 828 2053 bibis?

280 2076 338 2126 lam
349 2073 492 2126 defecisset
501 2081 641 2141 portantes
652 2075 732 2126 ealda
741 2076 891 2139 ministros,

317 2151 341 2201 si
352 2166 407 2200 nun
416 2155 535 2215 potares,
547 2149 706 2214 Sextiliane,
716 2167 827 2202 merum.

568 2276 600 2314 13.
629 2272 669 2315 Da
687 2270 803 2324 Regulo.
904 2325 906 2328 Ι

278 2364 337 2414 ltur
348 2365 382 2414 ad
392 2362 520 2415 Herculei
530 2366 634 2431 gelidas
646 2381 700 2431 qua
710 2366 821 2416 Tiburis
832 2380 917 2427 arses,

317 2453 437 2504 canaque
448 2436 599 2504 sulphureis
609 2439 708 2489 Albula
716 2439 803 2490 fumat
813 2441 905 2506 aquis3

277 2528 352 2575 rura,
363 2528 509 2579 nemusque
519 2528 634 2575 suerum,
650 2514 804 2581 dilectaque
813 2515 908 2581 iugera
918 2512 1005 2565 Musis

315 2588 406 2653 signal
415 2587 506 2637 vicina
516 2594 627 2653 quartus
638 2588 671 2637 ab
682 2589 748 2638 urbe
758 2586 837 2654 lapis.

277 2660 334 2712 Hie
343 2661 419 2712 rudis
430 2662 549 2712 aestivus
560 2663 718 2727 praestabat
727 2664 849 2729 porticus
859 2662 976 2725 umbras,

315 2733 369 2786 beu
380 2751 459 2802 quam
471 2750 556 2801 paene
566 2751 665 2787 novum
676 2737 798 2803 porticus
809 2752 876 2787 ausa
885 2733 976 2788 nefas!

276 2808 348 2861 Nam
359 2810 449 2861 subito
462 2811 584 2876 collapsa
593 2811 656 2871 ruit,
672 2827 732 2861 eum
742 2812 814 2863 mole
823 2811 872 2862 sub
883 2810 933 2861 illa

314 2890 436 2953 gestatus
445 2885 546 2952 biiugis
557 2884 675 2952 Regulus
686 2892 758 2938 esset
770 2887 858 2955 equis.
