2750 3450
401 364 718 416 splendissimum
743 369 811 416 ΜΒ.
827 368 884 416 ΧΙΙ.
991 368 1041 420 329

271 493 330 556 tque
341 488 397 540 olei
406 490 509 542 stillam
522 491 600 543 daret
608 492 804 544 enterocelicus
814 499 923 546 unctor:

282 562 399 614 udorom
409 566 522 634 tetricos
532 581 629 618 censor
637 571 665 618 et
679 582 760 634 asper
768 573 835 619 erat.

271 638 424 705 tangendos
435 640 544 704 calices,
554 639 799 709 effundendumque
808 641 953 695 Falernum

286 712 431 776 clamabat,
440 714 546 768 biberet
555 716 602 783 qui
610 715 694 767 modo
705 716 778 768 lotus
788 732 879 784 eques.

279 803 343 839 sene
353 788 401 839 scd
411 795 555 857 postquam
566 796 664 858 patruo
675 806 771 843 venere
780 797 916 856 trecenta;

285 861 394 914 sobrios
406 862 545 916 atbermis
554 866 642 917 nescit
651 867 728 917 abire
738 865 857 917 domum.

282 942 413 1004 qnantum
423 938 542 991 diatreta
550 940 652 1004 valent,
661 945 689 991 et
699 941 819 1008 quinque
833 939 949 994 comatil

284 1011 371 1077 Tune,
384 1027 442 1064 cum
454 1028 558 1081 pauper
566 1020 634 1078 erat,
644 1030 700 1066 non
710 1015 823 1066 sitiebat
829 1015 910 1083 Aper.
994 1054 1001 1062 .

518 1123 553 1162 'li-
576 1118 617 1161 Ad
635 1113 768 1173 Ly'pdun.

320 1192 368 1246 Nil
377 1208 441 1257 non,
452 1193 557 1262 Lygdo,
568 1193 635 1246 mihi
644 1211 730 1264 negas
739 1196 863 1264 roganti:

320 1268 496 1338 atquondam
506 1267 887 1343 mibi‚liygde,nilnegabas.

499 1361 535 1401 '12
557 1357 599 1403 Ad
616 1358 777 1403 Penniean.

271 1436 487 1503 rgera‘mercatus
496 1450 582 1504 prope
591 1436 673 1488 busta
682 1437 794 1489 latentis
805 1435 897 1504 agelli,

283 1515 311 1561 et
318 1510 390 1562 male
401 1516 559 1577 compactae
569 1510 768 1582 culminafulta
778 1526 869 1575 casae,

271 1585 349 1636 eseris
358 1584 486 1648 urbanas,
494 1593 543 1636 tna
552 1586 675 1652 praedia,
686 1583 815 1649 Pannice,
825 1585 899 1649 lites,

283 1674 420 1728 parvaque
430 1659 478 1711 sed
488 1661 571 1713 tritae
579 1660 702 1729 praemia
712 1668 787 1711 certa
797 1665 889 1728 togae.

271 1740 428 1799 rumentum,
438 1736 553 1799 milium,
562 1737 762 1803 ptisanamqne‚
772 1731 919 1802 fabamque
929 1735 1039 1788 solebas

282 1809 397 1863 vendere
406 1812 603 1879 pragmaticum
619 1826 691 1861 nunc
700 1809 768 1861 emis
778 1809 911 1878 agriem&

505 1902 539 1942 13.
563 1897 603 1941 Ad
623 1896 773 1941 catullum.

352 1973 488 2028 Heredem
498 1976 550 2028 tibi
561 1992 613 2040 me,
624 1973 740 2039 Catulle,
751 1975 831 2027 dicis.
935 1985 937 1990 '

354 2048 416 2102 Non
427 2050 544 2115 credam,
555 2051 609 2126 nisi
619 2051 722 2120 legero,
733 2049 849 2101 Catulle.

513 2143 547 2183 ii.
562 2141 612 2200 'Ad
629 2138 769 2183 Flaccum.

271 2228 312 2265 mn
322 2213 374 2267 tibi
382 2213 507 2268 Niliacus
517 2222 608 2284 portet
618 2216 750 2284 crystalla
759 2215 893 2283 cataplus,

282 2290 376 2357 accipe
386 2290 420 2343 de
431 2292 504 2344 circo
514 2292 616 2358 pocula
624 2292 772 2344 Flaminio.

271 2362 381 2432 imagis
392 2365 519 2429 audaces,
529 2381 564 2418 an
574 2373 637 2418 sunt
647 2368 695 2433 qui
703 2367 773 2418 talia
782 2365 895 2417 mittunt

280 2439 410 2491 munerat
430 2439 484 2492 Sed
493 2442 616 2508 geminus
625 2442 726 2492 vilibus
736 2455 801 2491 usus
811 2439 892 2490 inest.

271 2513 355 2565 ullum
365 2515 518 2567 sollicitant
526 2514 602 2579 baec,
612 2515 720 2576 Flacce‚
732 2518 887 2567 toreumata
896 2511 993 2576 mrem,

281 2593 309 2639 et
318 2588 431 2640 nimium
442 2589 540 2642 calidis
549 2606 604 2642 non
614 2589 748 2642 vitiantur
758 2587 847 2656 aquis.

271 2662 326 2726 uid,
338 2663 412 2730 qnod
422 2680 518 2717 securo
529 2669 608 2731 potat
618 2659 735 2716 donviva
744 2664 881 2724 ministro,

281 2741 309 2789 et
318 2752 410 2789 casum
420 2740 551 2791 tremulae
561 2755 616 2790 non
626 2740 742 2790 timuere
751 2734 865 2790 mannsi

273 2828 307 2864 oc
316 2827 425 2880 quoquo
434 2830 489 2868 non
498 2812 567 2866 nihil
577 2819 626 2878 est,
637 2813 711 2881 qnod
721 2812 882 2881 propinabis
891 2811 920 2862 in
929 2811 1001 2875 istis,

280 2885 446 2956 frangendus
454 2887 538 2942 inerit
546 2890 571 2941 si
580 2890 641 2955 tibi,
650 2889 760 2941 Flacco·
770 2888 853 2942 calix,
