2750 3450
286 396 288 401 .
309 354 360 404 2⁰0
598 352 812 400 meneleus

309 477 426 530 Aethera
435 476 477 528 sic
485 477 579 540 intrat,
589 477 685 528 nitidis
695 481 726 528 ut
735 476 862 528 conditus
876 477 961 528 astris
1083 470 1098 497 “¹

345 551 475 603 inferiore
485 556 562 604 tonet
571 553 642 603 nube
653 567 764 603 serenus
775 565 857 617 apex:

309 631 337 678 et
346 629 422 694 prius
433 641 534 678 meane
545 627 661 678 satietur
670 627 771 677 lumine
782 624 897 688 Phoebi,

346 701 484 752 naseeutis
495 700 572 752 Ciroe
583 717 665 768 quam
674 700 751 751 ridet
760 716 810 752 ora
819 700 916 767 patrie.

309 775 395 838 Haeo,
406 776 534 843 Auguste,
544 781 644 839 tamen,
658 790 728 842 quse
739 775 838 826 vertice
849 774 943 824 sidera
952 773 1055 840 pulsat,

346 849 504 917 perdemus
515 857 557 902 est
567 851 659 902 coelo:
674 849 724 901 seli
733 849 823 901 ndnor
834 854 876 900 eet
885 849 1012 901 domino.

551 958 585 998 ii.
609 954 650 996 Ad
667 953 861 998 Poliearmnm.

311 1049 392 1111 Quod
403 1048 540 1100 Caietano
545 1046 647 1110 reddis,
656 1046 828 1114 Polycarme,
837 1046 967 1110 tabellae,

346 1124 435 1175 millia
444 1128 471 1175 te
482 1128 587 1174 eentum
598 1137 660 1172 num
674 1122 802 1172 tribuisse
814 1119 910 1187 putasl

313 1198 413 1251 Debuit
422 1197 499 1259 haec,
510 1197 610 1263 inquis.
631 1195 697 1247 Tibi
707 1194 786 1259 habe,
796 1194 970 1270 Pplycarme,
980 1196 1098 1249 tabellae

347 1279 374 1325 et
385 1273 519 1324 Caietano
529 1271 618 1321 millia
628 1271 708 1322 erede
718 1271 782 1322 duo.

569 1379 603 1418 88.
628 1375 667 1417 eu
687 1374 841 1418 Meliorem.

420 1469 474 1531 Qui
483 1474 607 1537 praestet
615 1470 717 1535 pietate
727 1468 861 1535 pertinaci
951 1478 953 1483 ·

417 1559 531 1598 sensuro
541 1544 615 1594 bona
625 1543 809 1606 liberalitatis,

419 1624 510 1686 captet
519 1617 646 1682 forsitan,
661 1627 709 1669 aut
718 1620 804 1670 vicem
815 1626 952 1684 reposcat.

417 1694 454 1747 At
462 1694 486 1746 ei
498 1695 559 1761 quis
570 1694 636 1746 dare
646 1693 750 1746 nomini
760 1693 859 1745 relicto

417 1776 482 1838 poet
490 1769 586 1821 Manes
596 1770 781 1835 tumulumque
794 1774 962 1834 perseverat,

419 1846 527 1911 quaerit
539 1845 614 1910 quid,
624 1845 679 1896 nisi
688 1844 798 1911 parcius
809 1840 920 1893 doleret

419 1919 520 1981 Refert,
531 1920 569 1970 eis
578 1919 667 1985 bonus
677 1935 712 1970 an
723 1918 792 1970 velis
802 1918 898 1968 videri.

418 1994 548 2046 Praestas
557 1991 619 2056 hoc,
629 1993 740 2056 Melior,
751 1993 853 2044 sciente
862 1990 952 2042 famas

419 2069 467 2136 qui
478 2068 657 2120 sollemnibus
667 2069 764 2119 anxius
774 2067 875 2133 sepulti

418 2158 517 2195 nomen
526 2158 582 2194 non
592 2143 660 2194 sinis
668 2143 781 2194 interire
789 2141 898 2200 Blaesl3

333 2259 335 2264 .
418 2223 447 2269 et
458 2218 492 2269 de
503 2216 631 2268 munifica
641 2216 770 2283 profluus
781 2231 845 2267 area

419 2293 455 2344 ad
465 2291 620 2343 natalitium
630 2292 702 2343 diem
714 2291 856 2344 colendum

418 2367 570 2419 scribarum
581 2368 696 2418 memori
706 2367 822 2433 piaeque
833 2366 931 2416 turbae

421 2442 495 2509 quod
505 2441 600 2504 donas,
610 2440 680 2492 faeie
688 2442 749 2507 ipse
757 2440 942 2490 Blaesianum.

419 2517 483 2568 Hoc
491 2516 602 2583 longum
613 2517 675 2578 tibi,
685 2517 744 2567 vita
753 2516 817 2565 dum
830 2514 961 2577 manebit,

419 2590 473 2643 boo
482 2595 510 2642 et
519 2597 583 2657 post
593 2592 697 2642 eineres
707 2591 760 2641 erit
768 2590 908 2640 tributum.

548 2698 583 2738 39.
610 2695 648 2736 Ad
668 2695 868 2737 Domitianum.

313 2789 368 2851 Qui
376 2788 531 2840 Pallatinae
542 2794 652 2855 caperet
662 2788 790 2840 convivia
799 2802 918 2849 mensae,

349 2863 556 2930 ambrosiasque
565 2863 659 2931 dapes,
670 2878 726 2914 non
736 2868 794 2913 erat
804 2868 866 2912 ente
877 2862 964 2913 locus.
