2750 3450
312 427 360 478 396
461 429 716 477 nlvEnsouunr
739 430 962 480 POETARUM

611 553 646 592 52.
667 550 734 590 Prin
762 564 775 590 ιι
782 564 800 591 s.

402 608 477 660 Heus
486 616 525 673 tu,
534 625 589 660 non
599 611 665 660 benc
676 610 724 675 qui
733 563 843 659 manum
852 626 987 677 rapacem

401 685 531 735 mandato
543 683 610 736 mihi
620 685 743 735 contines
755 684 789 733 ab
799 681 900 736 horto:

401 760 456 809 iam
467 761 583 824 primum
592 765 679 809 stator
688 756 735 809 bic
744 758 925 823 libidinosus,

403 834 515 884 alternis
524 834 642 884 ineundo
654 839 681 884 et
689 833 824 895 exeundo,

402 914 483 974 porta
493 914 520 958 te
530 907 614 958 faciet
623 908 813 973 patentiorem.

317 1030 321 1039 ,
402 983 536 1034 Accedent
547 982 610 1044 duo,
622 983 668 1048 qui
677 982 750 1031 latus
762 986 881 1044 tuentur,

402 1055 512 1123 pulchre
522 1057 672 1122 pensilibus
681 1056 823 1121 peculiati.

406 1131 458 1191 Qui
468 1147 527 1182 cum
537 1137 564 1181 te
575 1130 646 1180 male
657 1129 778 1181 foderint
785 1131 937 1181 iacentem:

404 1206 438 1256 ad
448 1212 551 1271 partem
562 1206 651 1256 veniet
660 1205 739 1255 salax
749 1205 861 1268 asellus,

400 1281 457 1331 nilo
469 1281 586 1330 deterius
596 1281 770 1331 mutoniatns.

402 1355 501 1417 Quare,
513 1356 560 1420 qui
569 1356 666 1420 sapiet,
677 1355 778 1405 nralnm
789 1353 910 1417 cavebit,

402 1445 462 1480 cum
472 1434 577 1478 tantum
588 1427 632 1480 hic
641 1430 709 1479 sciet
718 1444 778 1480 esse
787 1429 984 1481 mentularnm.

577 1504 609 1541 5³.
630 1499 669 1539 Ad
691 1501 831 1553 Priapum.
843 1524 851 1537 2

311 1561 458 1611 Contentus
470 1559 577 1610 modico
588 1556 713 1609 Bacchus
723 1559 795 1610 solet
804 1574 865 1610 esse
874 1575 1006 1613 racemo:

348 1651 406 1686 cum
418 1635 530 1700 capiant
540 1634 590 1684 alti
600 1635 646 1685 vix
656 1649 707 1684 sua
718 1639 806 1684 musta
816 1633 911 1684 lacus:

309 1726 461 1779 magnaque
470 1709 612 1761 foecundis
623 1725 682 1760 cum
693 1709 828 1780 messibus
839 1724 907 1760 area
917 1709 1000 1775 desit,

346 1788 375 1835 in
386 1786 492 1836 Cereris
503 1786 590 1835 crines
601 1800 657 1835 una
666 1799 769 1835 corona
780 1784 869 1834 datur.

310 1861 352 1911 Tu
364 1876 478 1927 quoqne,
490 1860 559 1909 Dive
570 1860 667 1921 minor,
678 1860 813 1909 urniorum
826 1858 955 1925 exempla
965 1867 1083 1919 secutus,

346 1936 468 2002 quamvis
478 1950 566 2001 pauca
576 1934 679 1996 damus,
692 1933 803 1984 consule
813 1948 898 1999 poma
907 1934 987 1984 boni.

615 2021 647 2058 54.
667 2017 799 2069 Priapus.

310 2079 341 2141 E,
352 2078 386 2140 D,
398 2078 422 2127 si
433 2077 545 2139 scribas,
556 2085 744 2142 temonemque
755 2076 866 2140 insuper
876 2074 981 2127 addas:

347 2154 393 2220 qui
405 2152 523 2203 medium
534 2151 558 2200 D
569 2151 626 2201 vult
636 2151 767 2212 scindere,
779 2151 868 2215 pictus
878 2151 940 2200 erit.

614 2236 647 2272 55,
667 2230 797 2282 Priapus.

309 2293 424 2343 Credere
435 2293 495 2358 quis
506 2296 606 2357 posset,
616 2290 714 2341 falcem
726 2303 832 2355 quoquc
844 2291 938 2355 (turpe
948 2288 1060 2354 fateril)

345 2369 378 2418 de
389 2368 482 2434 digitis
493 2367 566 2417 fures
576 2366 740 2431 surripuisse
751 2361 836 2414 meisi

308 2459 357 2494 nec
367 2447 459 2493 movet
469 2442 563 2492 aoiissi
573 2446 628 2491 tam
639 2456 681 2490 me
691 2441 798 2489 iactura
808 2439 966 2504 pudorque:

346 2532 425 2583 qnam
434 2517 564 2583 praebent
573 2517 661 2566 iustos
673 2514 760 2564 altera
769 2512 825 2562 tela
836 2519 935 2565 metus.

309 2591 384 2651 Quone
395 2592 419 2641 si
429 2592 583 2656 perdidero,
594 2591 693 2656 partim
705 2587 871 2638 mulctabor:
885 2594 914 2638 et
924 2588 994 2639 olim

343 2666 390 2716 ille
400 2672 462 2716 tuus
472 2667 548 2729 civis,
560 2664 721 2731 Lampsace,
733 2662 829 2713 Gallus
840 2677 898 2713 ero.

613 2739 646 2778 56.
668 2737 797 2789 Priapos.

396 2795 512 2846 Derides
524 2811 639 2863 quoque,
649 2795 702 2858 sur,
715 2799 742 2845 et
750 2793 920 2859 impudicum

399 2870 519 2920 ostendis
530 2871 642 2937 digitum
654 2868 722 2920 mibi
731 2869 854 2918 minanti.

298 3013 302 3018 ἱ
394 2942 474 2997 Eheu
483 2960 526 2997 mc
538 2943 680 2999 miseruml
695 2942 949 3011 quodistalignum
958 2951 1013 3006 est,
