<?xml version="1.0" encoding="UTF-8"?>
<!DOCTYPE html PUBLIC "-//W3C//DTD XHTML 1.0 Transitional//EN"
    "http://www.w3.org/TR/xhtml1/DTD/xhtml1-transitional.dtd">
<html xmlns="http://www.w3.org/1999/xhtml" xml:lang="en" lang="en">
 <head>
  <title>
</title>
<meta http-equiv="Content-Type" content="text/html;charset=utf-8" />
  <meta name='ocr-system' content='tesseract 3.04.00' />
  <meta name='ocr-capabilities' content='ocr_page ocr_carea ocr_par ocr_line ocrx_word'/>
</head>
<body>
  <div class='ocr_page' id='page_1' title='image "./mvaleriimartial03martgoog_0350.png"; bbox 0 0 2750 3450; ppageno 0'>
   <div class='ocr_carea' id='block_1_1' title="bbox 397 334 1066 392">
    <p class='ocr_par' dir='ltr' id='par_1_1' title="bbox 397 334 1066 392">
     <span class='ocr_line' id='line_1_1' title="bbox 397 334 1066 392; baseline 0.018 -12"><span class='ocrx_word' id='word_1_1' title='bbox 397 380 399 385; x_wconf 77' lang='grc'>,</span> <span class='ocrx_word' id='word_1_2' title='bbox 426 334 742 382; x_wconf 79' lang='lat' dir='ltr'><strong>EPIGRAMMATUM</strong></span> <span class='ocrx_word' id='word_1_3' title='bbox 764 339 917 387; x_wconf 76' lang='lat' dir='ltr'><strong>Linxrn.</strong></span> <span class='ocrx_word' id='word_1_4' title='bbox 1017 341 1066 392; x_wconf 69' lang='lat'><strong>341</strong></span> 
     </span>
    </p>
   </div>
   <div class='ocr_carea' id='block_1_2' title="bbox 543 455 793 499">
    <p class='ocr_par' dir='ltr' id='par_1_2' title="bbox 543 455 793 499">
     <span class='ocr_line' id='line_1_2' title="bbox 543 455 793 499; baseline 0.008 -3"><span class='ocrx_word' id='word_1_5' title='bbox 543 459 576 498; x_wconf 71' lang='lat'><strong>31.</strong></span> <span class='ocrx_word' id='word_1_6' title='bbox 601 455 676 498; x_wconf 82' lang='lat' dir='ltr'><strong>Mala</strong></span> <span class='ocrx_word' id='word_1_7' title='bbox 695 459 793 499; x_wconf 81' lang='lat' dir='ltr'><strong>citrea.</strong></span> 
     </span>
    </p>
   </div>
   <div class='ocr_carea' id='block_1_3' title="bbox 272 548 927 691">
    <p class='ocr_par' dir='ltr' id='par_1_3' title="bbox 272 548 927 691">
     <span class='ocr_line' id='line_1_3' title="bbox 272 548 927 616; baseline 0.003 -15"><span class='ocrx_word' id='word_1_8' title='bbox 272 551 327 602; x_wconf 77' lang='lat' dir='ltr'><strong>nuc</strong></span> <span class='ocrx_word' id='word_1_9' title='bbox 338 549 486 616; x_wconf 79' lang='lat' dir='ltr'><strong>Corcyraei</strong></span> <span class='ocrx_word' id='word_1_10' title='bbox 495 554 559 601; x_wconf 84' lang='lat' dir='ltr'><strong>&#39;sunt</strong></span> <span class='ocrx_word' id='word_1_11' title='bbox 569 548 637 600; x_wconf 83' lang='lat' dir='ltr'><strong>haec</strong></span> <span class='ocrx_word' id='word_1_12' title='bbox 647 550 680 600; x_wconf 86' lang='lat' dir='ltr'><strong>de</strong></span> <span class='ocrx_word' id='word_1_13' title='bbox 692 550 835 602; x_wconf 82' lang='lat' dir='ltr'>frondibus</span> <span class='ocrx_word' id='word_1_14' title='bbox 845 550 927 614; x_wconf 90' lang='lat' dir='ltr'><strong>horti,</strong></span> 
     </span>
     <span class='ocr_line' id='line_1_4' title="bbox 312 623 890 691; baseline -0.002 -15"><span class='ocrx_word' id='word_1_15' title='bbox 312 630 360 676; x_wconf 91' lang='lat' dir='ltr'><strong>aut</strong></span> <span class='ocrx_word' id='word_1_16' title='bbox 369 623 436 677; x_wconf 89' lang='lat' dir='ltr'><strong>haec</strong></span> <span class='ocrx_word' id='word_1_17' title='bbox 446 625 564 691; x_wconf 86' lang='lat' dir='ltr'><strong>Massyli</strong></span> <span class='ocrx_word' id='word_1_18' title='bbox 573 640 656 691; x_wconf 86' lang='lat' dir='ltr'><strong>poma</strong></span> <span class='ocrx_word' id='word_1_19' title='bbox 667 626 796 677; x_wconf 88' lang='lat' dir='ltr'><strong>draconis</strong></span> <span class='ocrx_word' id='word_1_20' title='bbox 806 634 890 677; x_wconf 86' lang='lat' dir='ltr'><strong>erant.</strong></span> 
     </span>
    </p>
   </div>
   <div class='ocr_carea' id='block_1_4' title="bbox 556 745 783 788">
    <p class='ocr_par' dir='ltr' id='par_1_4' title="bbox 556 745 783 788">
     <span class='ocr_line' id='line_1_5' title="bbox 556 745 783 788; baseline 0.004 -1"><span class='ocrx_word' id='word_1_21' title='bbox 556 749 590 788; x_wconf 86' lang='grc'><strong>38.</strong></span> <span class='ocrx_word' id='word_1_22' title='bbox 616 745 783 788; x_wconf 84' lang='lat' dir='ltr'><strong>Colostrom.</strong></span> 
     </span>
    </p>
   </div>
   <div class='ocr_carea' id='block_1_5' title="bbox 274 840 984 983">
    <p class='ocr_par' dir='ltr' id='par_1_5' title="bbox 274 840 984 983">
     <span class='ocr_line' id='line_1_6' title="bbox 274 840 984 909; baseline -0.001 -15"><span class='ocrx_word' id='word_1_23' title='bbox 274 842 411 909; x_wconf 87' lang='lat' dir='ltr'><strong>Surripuit</strong></span> <span class='ocrx_word' id='word_1_24' title='bbox 419 847 514 908; x_wconf 81' lang='lat' dir='ltr'><strong>pastor</strong></span> <span class='ocrx_word' id='word_1_25' title='bbox 525 855 594 906; x_wconf 86' lang='lat' dir='ltr'><strong>quae</strong></span> <span class='ocrx_word' id='word_1_26' title='bbox 603 840 723 891; x_wconf 89' lang='lat' dir='ltr'><strong>nondum</strong></span> <span class='ocrx_word' id='word_1_27' title='bbox 735 843 868 892; x_wconf 86' lang='lat' dir='ltr'><strong>stantibus</strong></span> <span class='ocrx_word' id='word_1_28' title='bbox 879 840 984 906; x_wconf 85' lang='lat' dir='ltr'><strong>hoedis,</strong></span> 
     </span>
     <span class='ocr_line' id='line_1_7' title="bbox 312 915 898 983; baseline -0.002 -15"><span class='ocrx_word' id='word_1_29' title='bbox 312 918 346 968; x_wconf 88' lang='lat' dir='ltr'><strong>de</strong></span> <span class='ocrx_word' id='word_1_30' title='bbox 355 917 443 983; x_wconf 89' lang='lat' dir='ltr'><strong>primo</strong></span> <span class='ocrx_word' id='word_1_31' title='bbox 453 920 570 966; x_wconf 90' lang='lat' dir='ltr'><strong>matrum</strong></span> <span class='ocrx_word' id='word_1_32' title='bbox 580 915 651 966; x_wconf 83' lang='lat' dir='ltr'><strong>lacte</strong></span> <span class='ocrx_word' id='word_1_33' title='bbox 662 916 784 967; x_wconf 82' lang='lat' dir='ltr'><strong>colostra</strong></span> <span class='ocrx_word' id='word_1_34' title='bbox 794 917 898 967; x_wconf 79' lang='lat' dir='ltr'><strong>danius.</strong></span> 
     </span>
    </p>
   </div>
   <div class='ocr_carea' id='block_1_6' title="bbox 587 1038 745 1080">
    <p class='ocr_par' dir='ltr' id='par_1_6' title="bbox 587 1038 745 1080">
     <span class='ocr_line' id='line_1_8' title="bbox 587 1038 745 1080; baseline 0.006 -1"><span class='ocrx_word' id='word_1_35' title='bbox 587 1041 621 1080; x_wconf 78' lang='grc'><strong>39.</strong></span> <span class='ocrx_word' id='word_1_36' title='bbox 647 1038 745 1080; x_wconf 83' lang='lat' dir='ltr'><strong>Haedi.</strong></span> 
     </span>
    </p>
   </div>
   <div class='ocr_carea' id='block_1_7' title="bbox 273 1130 925 1273">
    <p class='ocr_par' dir='ltr' id='par_1_7' title="bbox 273 1130 925 1273">
     <span class='ocr_line' id='line_1_9' title="bbox 273 1130 925 1198; baseline 0.003 -15"><span class='ocrx_word' id='word_1_37' title='bbox 273 1130 420 1183; x_wconf 84' lang='lat' dir='ltr'><strong>Lascivum</strong></span> <span class='ocrx_word' id='word_1_38' title='bbox 431 1146 522 1198; x_wconf 84' lang='lat' dir='ltr'><strong>pecus,</strong></span> <span class='ocrx_word' id='word_1_39' title='bbox 534 1138 561 1182; x_wconf 86' lang='lat' dir='ltr'><strong>et</strong></span> <span class='ocrx_word' id='word_1_40' title='bbox 570 1132 650 1183; x_wconf 85' lang='lat' dir='ltr'><strong>viridi</strong></span> <span class='ocrx_word' id='word_1_41' title='bbox 661 1149 719 1183; x_wconf 87' lang='lat' dir='ltr'><strong>non</strong></span> <span class='ocrx_word' id='word_1_42' title='bbox 728 1133 796 1184; x_wconf 86' lang='lat' dir='ltr'><strong>utile</strong></span> <span class='ocrx_word' id='word_1_43' title='bbox 804 1133 925 1197; x_wconf 84' lang='lat' dir='ltr'><strong>Baccho,</strong></span> 
     </span>
     <span class='ocr_line' id='line_1_10' title="bbox 304 1206 872 1273; baseline 0 -16"><span class='ocrx_word' id='word_1_44' title='bbox 304 1206 357 1257; x_wconf 79' lang='lat' dir='ltr'><strong>&#39;det</strong></span> <span class='ocrx_word' id='word_1_45' title='bbox 366 1221 482 1273; x_wconf 83' lang='lat' dir='ltr'><strong>poenas:</strong></span> <span class='ocrx_word' id='word_1_46' title='bbox 497 1208 592 1258; x_wconf 84' lang='lat' dir='ltr'>nocuit</span> <span class='ocrx_word' id='word_1_47' title='bbox 602 1208 658 1258; x_wconf 87' lang='lat' dir='ltr'><strong>iarn</strong></span> <span class='ocrx_word' id='word_1_48' title='bbox 667 1208 743 1260; x_wconf 84' lang='lat' dir='ltr'><strong>tcn&#39;cr</strong></span> <span class='ocrx_word' id='word_1_49' title='bbox 752 1209 800 1259; x_wconf 89' lang='lat' dir='ltr'><strong>ille</strong></span> <span class='ocrx_word' id='word_1_50' title='bbox 811 1210 872 1260; x_wconf 83' lang='lat' dir='ltr'><strong>deo.</strong></span> 
     </span>
    </p>
   </div>
   <div class='ocr_carea' id='block_1_8' title="bbox 605 1313 727 1356">
    <p class='ocr_par' dir='ltr' id='par_1_8' title="bbox 605 1313 727 1356">
     <span class='ocr_line' id='line_1_11' title="bbox 605 1313 727 1356; baseline 0.008 -1"><span class='ocrx_word' id='word_1_51' title='bbox 605 1317 639 1355; x_wconf 74' lang='grc'><strong>40.</strong></span> <span class='ocrx_word' id='word_1_52' title='bbox 665 1313 727 1356; x_wconf 72' lang='lat' dir='ltr'><strong>cvr.</strong></span> 
     </span>
    </p>
   </div>
   <div class='ocr_carea' id='block_1_9' title="bbox 228 1405 937 1550">
    <p class='ocr_par' dir='ltr' id='par_1_9' title="bbox 228 1405 937 1550">
     <span class='ocr_line' id='line_1_12' title="bbox 275 1405 937 1470; baseline 0.005 -14"><span class='ocrx_word' id='word_1_53' title='bbox 275 1405 398 1456; x_wconf 84' lang='lat' dir='ltr'><strong>Candida</strong></span> <span class='ocrx_word' id='word_1_54' title='bbox 408 1407 432 1456; x_wconf 88' lang='lat' dir='ltr'><strong>si</strong></span> <span class='ocrx_word' id='word_1_55' title='bbox 443 1421 555 1457; x_wconf 89' lang='lat' dir='ltr'><strong>croceos</strong></span> <span class='ocrx_word' id='word_1_56' title='bbox 566 1407 728 1458; x_wconf 87' lang='lat' dir='ltr'><strong>circumfluit</strong></span> <span class='ocrx_word' id='word_1_57' title='bbox 737 1409 810 1459; x_wconf 89' lang='lat' dir='ltr'><strong>unda</strong></span> <span class='ocrx_word' id='word_1_58' title='bbox 819 1408 937 1470; x_wconf 84' lang='lat' dir='ltr'><strong>vitellos,</strong></span> 
     </span>
     <span class='ocr_line' id='line_1_13' title="bbox 228 1480 900 1550; baseline 0.004 -20"><span class='ocrx_word' id='word_1_59' title='bbox 228 1490 232 1505; x_wconf 85' lang='lat'>¹</span> <span class='ocrx_word' id='word_1_60' title='bbox 309 1480 458 1546; x_wconf 84' lang='lat' dir='ltr'><strong>Hesperius</strong></span> <span class='ocrx_word' id='word_1_61' title='bbox 468 1481 587 1532; x_wconf 77' lang='lat' dir='ltr'><strong>scombri</strong></span> <span class='ocrx_word' id='word_1_62' title='bbox 597 1487 730 1549; x_wconf 88' lang='lat' dir='ltr'><strong>temperet</strong></span> <span class='ocrx_word' id='word_1_63' title='bbox 738 1499 790 1534; x_wconf 90' lang='lat' dir='ltr'><strong>ova</strong></span> <span class='ocrx_word' id='word_1_64' title='bbox 799 1482 900 1550; x_wconf 89' lang='lat' dir='ltr'><strong>liquor.</strong></span> 
     </span>
    </p>
   </div>
   <div class='ocr_carea' id='block_1_10' title="bbox 494 1585 841 1629">
    <p class='ocr_par' dir='ltr' id='par_1_10' title="bbox 494 1585 841 1629">
     <span class='ocr_line' id='line_1_14' title="bbox 494 1585 841 1629; baseline 0.006 -3"><span class='ocrx_word' id='word_1_65' title='bbox 494 1590 528 1627; x_wconf 73' lang='lat'><strong>41.</strong></span> <span class='ocrx_word' id='word_1_66' title='bbox 552 1585 705 1629; x_wconf 72' lang='lat' dir='ltr'><strong>Porcellus</strong></span> <span class='ocrx_word' id='word_1_67' title='bbox 722 1585 841 1629; x_wconf 83' lang='lat' dir='ltr'><strong>lactens.</strong></span> 
     </span>
    </p>
   </div>
   <div class='ocr_carea' id='block_1_11' title="bbox 273 1678 995 1748">
    <p class='ocr_par' dir='ltr' id='par_1_11' title="bbox 273 1678 995 1748">
     <span class='ocr_line' id='line_1_15' title="bbox 273 1678 995 1748; baseline -0.001 -18"><span class='ocrx_word' id='word_1_68' title='bbox 273 1678 358 1731; x_wconf 81' lang='lat' dir='ltr'><strong>Lacte</strong></span> <span class='ocrx_word' id='word_1_69' title='bbox 368 1694 443 1731; x_wconf 88' lang='lat' dir='ltr'><strong>mero</strong></span> <span class='ocrx_word' id='word_1_70' title='bbox 454 1684 561 1747; x_wconf 79' lang='lat' dir='ltr'><strong>pasttnn</strong></span> <span class='ocrx_word' id='word_1_71' title='bbox 572 1680 666 1748; x_wconf 81' lang='lat' dir='ltr'>pigrae</span> <span class='ocrx_word' id='word_1_72' title='bbox 676 1678 743 1731; x_wconf 89' lang='lat' dir='ltr'><strong>mihi</strong></span> <span class='ocrx_word' id='word_1_73' title='bbox 753 1681 848 1732; x_wconf 86' lang='lat' dir='ltr'><strong>matris</strong></span> <span class='ocrx_word' id='word_1_74' title='bbox 860 1680 995 1730; x_wconf 85' lang='lat' dir='ltr'><strong>alumnum</strong></span> 
     </span>
    </p>
   </div>
   <div class='ocr_carea' id='block_1_12' title="bbox 309 1755 854 1916">
    <p class='ocr_par' dir='ltr' id='par_1_12' title="bbox 309 1755 854 1916">
     <span class='ocr_line' id='line_1_16' title="bbox 309 1755 822 1822; baseline -0.006 -15"><span class='ocrx_word' id='word_1_75' title='bbox 309 1761 403 1822; x_wconf 85' lang='lat' dir='ltr'><strong>ponat,</strong></span> <span class='ocrx_word' id='word_1_76' title='bbox 414 1760 441 1806; x_wconf 89' lang='lat' dir='ltr'><strong>et</strong></span> <span class='ocrx_word' id='word_1_77' title='bbox 449 1755 547 1806; x_wconf 79' lang='lat' dir='ltr'><strong>Aetolo</strong></span> <span class='ocrx_word' id='word_1_78' title='bbox 558 1757 591 1806; x_wconf 89' lang='lat' dir='ltr'><strong>de</strong></span> <span class='ocrx_word' id='word_1_79' title='bbox 602 1772 650 1807; x_wconf 88' lang='lat' dir='ltr'><strong>suc</strong></span> <span class='ocrx_word' id='word_1_80' title='bbox 660 1756 737 1807; x_wconf 88' lang='lat' dir='ltr'><strong>dives</strong></span> <span class='ocrx_word' id='word_1_81' title='bbox 750 1756 822 1806; x_wconf 85' lang='lat' dir='ltr'><strong>edat.</strong></span> 
     </span>
     <span class='ocr_line' id='line_1_17' title="bbox 481 1861 854 1916; baseline -0.003 -14"><span class='ocrx_word' id='word_1_82' title='bbox 481 1865 515 1903; x_wconf 76' lang='lat'><strong>42.</strong></span> <span class='ocrx_word' id='word_1_83' title='bbox 539 1861 668 1916; x_wconf 76' lang='lat' dir='ltr'><strong>Apyrina</strong></span> <span class='ocrx_word' id='word_1_84' title='bbox 687 1867 715 1904; x_wconf 92' lang='lat' dir='ltr'><strong>et</strong></span> <span class='ocrx_word' id='word_1_85' title='bbox 732 1863 854 1903; x_wconf 84' lang='lat' dir='ltr'><strong>tuberes.</strong></span> 
     </span>
    </p>
   </div>
   <div class='ocr_carea' id='block_1_13' title="bbox 272 1952 945 2082">
    <p class='ocr_par' dir='ltr' id='par_1_13' title="bbox 272 1952 945 2082">
     <span class='ocr_line' id='line_1_18' title="bbox 272 1952 945 2021; baseline 0.001 -17"><span class='ocrx_word' id='word_1_86' title='bbox 272 1952 335 2005; x_wconf 89' lang='lat' dir='ltr'><strong>Nou</strong></span> <span class='ocrx_word' id='word_1_87' title='bbox 344 1952 395 2011; x_wconf 88' lang='lat' dir='ltr'><strong>tibi</strong></span> <span class='ocrx_word' id='word_1_88' title='bbox 407 1953 440 2005; x_wconf 88' lang='lat' dir='ltr'><strong>de</strong></span> <span class='ocrx_word' id='word_1_89' title='bbox 450 1953 563 2021; x_wconf 89' lang='lat' dir='ltr'><strong>Libycis</strong></span> <span class='ocrx_word' id='word_1_90' title='bbox 573 1956 681 2007; x_wconf 87' lang='lat' dir='ltr'><strong>tuberes</strong></span> <span class='ocrx_word' id='word_1_91' title='bbox 692 1961 719 2006; x_wconf 87' lang='lat' dir='ltr'><strong>et</strong></span> <span class='ocrx_word' id='word_1_92' title='bbox 730 1956 845 2021; x_wconf 81' lang='lat' dir='ltr'>apyrina</span> <span class='ocrx_word' id='word_1_93' title='bbox 854 1956 945 2013; x_wconf 87' lang='lat' dir='ltr'><strong>ramis,</strong></span> 
     </span>
     <span class='ocr_line' id='line_1_19' title="bbox 309 2026 858 2082; baseline -0.002 -2"><span class='ocrx_word' id='word_1_94' title='bbox 309 2030 343 2080; x_wconf 86' lang='lat' dir='ltr'><strong>(le</strong></span> <span class='ocrx_word' id='word_1_95' title='bbox 353 2026 531 2081; x_wconf 80' lang='lat' dir='ltr'><strong>Nomentanis</strong></span> <span class='ocrx_word' id='word_1_96' title='bbox 541 2030 589 2081; x_wconf 88' lang='lat' dir='ltr'><strong>scd</strong></span> <span class='ocrx_word' id='word_1_97' title='bbox 599 2031 695 2082; x_wconf 88' lang='lat' dir='ltr'><strong>damus</strong></span> <span class='ocrx_word' id='word_1_98' title='bbox 707 2031 858 2081; x_wconf 82' lang='lat' dir='ltr'><strong>arboribus.</strong></span> 
     </span>
    </p>
   </div>
   <div class='ocr_carea' id='block_1_14' title="bbox 594 2135 736 2178">
    <p class='ocr_par' dir='ltr' id='par_1_14' title="bbox 594 2135 736 2178">
     <span class='ocr_line' id='line_1_20' title="bbox 594 2135 736 2178; baseline -0.021 0"><span class='ocrx_word' id='word_1_99' title='bbox 594 2139 628 2178; x_wconf 77' lang='lat'><strong>4³.</strong></span> <span class='ocrx_word' id='word_1_100' title='bbox 652 2135 736 2178; x_wconf 82' lang='lat' dir='ltr'><strong>Idem.</strong></span> 
     </span>
    </p>
   </div>
   <div class='ocr_carea' id='block_1_15' title="bbox 273 2226 936 2372">
    <p class='ocr_par' dir='ltr' id='par_1_15' title="bbox 273 2226 936 2372">
     <span class='ocr_line' id='line_1_21' title="bbox 273 2226 908 2296; baseline 0.003 -19"><span class='ocrx_word' id='word_1_101' title='bbox 273 2226 358 2277; x_wconf 83' lang='lat' dir='ltr'><strong>Lecta</strong></span> <span class='ocrx_word' id='word_1_102' title='bbox 366 2228 529 2280; x_wconf 81' lang='lat' dir='ltr'><strong>suburbanis</strong></span> <span class='ocrx_word' id='word_1_103' title='bbox 539 2231 681 2281; x_wconf 89' lang='lat' dir='ltr'><strong>mittuntur</strong></span> <span class='ocrx_word' id='word_1_104' title='bbox 691 2230 807 2296; x_wconf 84' lang='lat' dir='ltr'><strong>apyrina</strong></span> <span class='ocrx_word' id='word_1_105' title='bbox 815 2230 908 2293; x_wconf 87' lang='lat' dir='ltr'><strong>ramis,</strong></span> 
     </span>
     <span class='ocr_line' id='line_1_22' title="bbox 308 2302 936 2372; baseline 0 -19"><span class='ocrx_word' id='word_1_106' title='bbox 308 2308 336 2353; x_wconf 89' lang='lat' dir='ltr'><strong>et</strong></span> <span class='ocrx_word' id='word_1_107' title='bbox 344 2318 442 2354; x_wconf 89' lang='lat' dir='ltr'><strong>vernae</strong></span> <span class='ocrx_word' id='word_1_108' title='bbox 452 2305 569 2357; x_wconf 82' lang='lat' dir='ltr'><strong>tuberes.</strong></span> <span class='ocrx_word' id='word_1_109' title='bbox 591 2304 663 2367; x_wconf 76' lang='lat' dir='ltr'><strong>Quia</strong></span> <span class='ocrx_word' id='word_1_110' title='bbox 673 2306 725 2356; x_wconf 92' lang='lat' dir='ltr'><strong>tibi</strong></span> <span class='ocrx_word' id='word_1_111' title='bbox 737 2321 795 2355; x_wconf 88' lang='lat' dir='ltr'><strong>curn</strong></span> <span class='ocrx_word' id='word_1_112' title='bbox 806 2302 936 2372; x_wconf 65' lang='lat' dir='ltr'><strong>Libycis?</strong></span> 
     </span>
    </p>
   </div>
   <div class='ocr_carea' id='block_1_16' title="bbox 581 2410 748 2453">
    <p class='ocr_par' dir='ltr' id='par_1_16' title="bbox 581 2410 748 2453">
     <span class='ocr_line' id='line_1_23' title="bbox 581 2410 748 2453; baseline 0 0"><span class='ocrx_word' id='word_1_113' title='bbox 581 2414 616 2453; x_wconf 78' lang='lat'><strong>44.</strong></span> <span class='ocrx_word' id='word_1_114' title='bbox 641 2410 748 2453; x_wconf 85' lang='lat' dir='ltr'><strong>Sumen.</strong></span> 
     </span>
    </p>
   </div>
   <div class='ocr_carea' id='block_1_17' title="bbox 271 2501 912 2645">
    <p class='ocr_par' dir='ltr' id='par_1_17' title="bbox 271 2501 912 2645">
     <span class='ocr_line' id='line_1_24' title="bbox 271 2501 912 2571; baseline 0.005 -19"><span class='ocrx_word' id='word_1_115' title='bbox 271 2501 340 2553; x_wconf 86' lang='lat' dir='ltr'><strong>Esse</strong></span> <span class='ocrx_word' id='word_1_116' title='bbox 351 2507 428 2568; x_wconf 87' lang='lat' dir='ltr'><strong>putes</strong></span> <span class='ocrx_word' id='word_1_117' title='bbox 438 2504 558 2554; x_wconf 89' lang='lat' dir='ltr'><strong>nondum</strong></span> <span class='ocrx_word' id='word_1_118' title='bbox 569 2520 676 2554; x_wconf 75' lang='lat' dir='ltr'><strong>sument</strong></span> <span class='ocrx_word' id='word_1_119' title='bbox 692 2506 733 2555; x_wconf 90' lang='lat' dir='ltr'><strong>sic</strong></span> <span class='ocrx_word' id='word_1_120' title='bbox 742 2504 824 2555; x_wconf 82' lang='lat' dir='ltr'><strong>ubere</strong></span> <span class='ocrx_word' id='word_1_121' title='bbox 834 2504 912 2571; x_wconf 87' lang='lat' dir='ltr'><strong>largo</strong></span> 
     </span>
     <span class='ocr_line' id='line_1_25' title="bbox 310 2575 812 2645; baseline 0.006 -19"><span class='ocrx_word' id='word_1_122' title='bbox 310 2575 403 2641; x_wconf 86' lang='lat' dir='ltr'><strong>effluit,</strong></span> <span class='ocrx_word' id='word_1_123' title='bbox 413 2583 442 2629; x_wconf 87' lang='lat' dir='ltr'><strong>et</strong></span> <span class='ocrx_word' id='word_1_124' title='bbox 450 2578 513 2630; x_wconf 86' lang='lat' dir='ltr'><strong>vivo</strong></span> <span class='ocrx_word' id='word_1_125' title='bbox 523 2579 595 2630; x_wconf 88' lang='lat' dir='ltr'><strong>lacte</strong></span> <span class='ocrx_word' id='word_1_126' title='bbox 606 2579 711 2645; x_wconf 83' lang='lat' dir='ltr'><strong>papilla</strong></span> <span class='ocrx_word' id='word_1_127' title='bbox 719 2584 812 2629; x_wconf 84' lang='lat' dir='ltr'><strong>tumet.</strong></span> 
     </span>
    </p>
   </div>
   <div class='ocr_carea' id='block_1_18' title="bbox 502 2682 824 2736">
    <p class='ocr_par' dir='ltr' id='par_1_18' title="bbox 502 2682 824 2736">
     <span class='ocr_line' id='line_1_26' title="bbox 502 2682 824 2736; baseline 0.006 -12"><span class='ocrx_word' id='word_1_128' title='bbox 502 2688 537 2725; x_wconf 77' lang='lat'><strong>45.</strong></span> <span class='ocrx_word' id='word_1_129' title='bbox 561 2682 639 2725; x_wconf 89' lang='lat' dir='ltr'><strong>Pulli</strong></span> <span class='ocrx_word' id='word_1_130' title='bbox 659 2682 824 2736; x_wconf 78' lang='lat' dir='ltr'><strong>gallinacei.</strong></span> 
     </span>
    </p>
   </div>
   <div class='ocr_carea' id='block_1_19' title="bbox 273 2772 948 2919">
    <p class='ocr_par' dir='ltr' id='par_1_19' title="bbox 273 2772 948 2919">
     <span class='ocr_line' id='line_1_27' title="bbox 273 2772 948 2841; baseline 0.006 -16"><span class='ocrx_word' id='word_1_131' title='bbox 273 2772 303 2825; x_wconf 84' lang='lat' dir='ltr'><strong>Si</strong></span> <span class='ocrx_word' id='word_1_132' title='bbox 313 2773 436 2841; x_wconf 86' lang='lat' dir='ltr'><strong>Libycae</strong></span> <span class='ocrx_word' id='word_1_133' title='bbox 445 2777 526 2828; x_wconf 87' lang='lat' dir='ltr'><strong>nobis</strong></span> <span class='ocrx_word' id='word_1_134' title='bbox 536 2777 660 2828; x_wconf 88' lang='lat' dir='ltr'><strong>volucres</strong></span> <span class='ocrx_word' id='word_1_135' title='bbox 671 2782 698 2827; x_wconf 86' lang='lat' dir='ltr'><strong>ct</strong></span> <span class='ocrx_word' id='word_1_136' title='bbox 707 2775 839 2828; x_wconf 88' lang='lat' dir='ltr'><strong>Phasides</strong></span> <span class='ocrx_word' id='word_1_137' title='bbox 850 2784 948 2840; x_wconf 86' lang='lat' dir='ltr'><strong>essent,</strong></span> 
     </span>
     <span class='ocr_line' id='line_1_28' title="bbox 310 2850 861 2919; baseline 0.007 -20"><span class='ocrx_word' id='word_1_138' title='bbox 310 2850 460 2918; x_wconf 86' lang='lat' dir='ltr'><strong>acciperes:</strong></span> <span class='ocrx_word' id='word_1_139' title='bbox 472 2856 501 2901; x_wconf 92' lang='lat' dir='ltr'><strong>at</strong></span> <span class='ocrx_word' id='word_1_140' title='bbox 510 2867 580 2902; x_wconf 83' lang='lat' dir='ltr'><strong>nrrnc</strong></span> <span class='ocrx_word' id='word_1_141' title='bbox 590 2853 684 2919; x_wconf 85' lang='lat' dir='ltr'><strong>accipe</strong></span> <span class='ocrx_word' id='word_1_142' title='bbox 695 2853 779 2903; x_wconf 91' lang='lat' dir='ltr'><strong>cortis</strong></span> <span class='ocrx_word' id='word_1_143' title='bbox 790 2868 861 2903; x_wconf 88' lang='lat' dir='ltr'><strong>aves.</strong></span> 
     </span>
    </p>
   </div>
   <div class='ocr_carea' id='block_1_20' title="bbox 0 0 1380 3450">
    <p class='ocr_par' dir='ltr' id='par_1_20' title="bbox 0 0 1380 3450">
     <span class='ocr_line' id='line_1_29' title="bbox 0 0 1380 3450; baseline 0 0"><span class='ocrx_word' id='word_1_144' title='bbox 0 0 1380 3450; x_wconf 95' lang='lat' dir='ltr'><strong> </strong></span> 
     </span>
    </p>
   </div>
  </div>
 </body>
</html>
