2750 3450
368 366 686 416 Ericunmmnauu
713 370 783 417 ΗΒ.
798 371 840 417 Ν.
949 366 998 420 118

264 487 389 554 ipolitani
398 505 448 540 nec
458 506 527 556 quae
537 492 570 542 de
580 493 710 559 sanguine
719 490 816 559 thynni

265 568 317 612 esta
326 564 411 625 rubet,
422 580 471 614 nec
482 580 551 631 quae
562 571 677 617 coctana
686 582 771 632 parva
780 569 863 634 gerit;

268 651 426 703 rugosarum
437 640 526 691 vimen
535 640 616 691 breve
625 639 797 692 Picenarum:

265 711 336 762 icere
346 718 373 762 te
382 727 478 778 posses
487 719 518 764 ut
527 715 681 765 meminisse
690 716 753 766 mel.

265 786 337 851 :ipies
348 786 418 838 alios
429 788 520 839 verbis
529 788 657 855 vidtuque
668 787 799 856 benignos

265 875 307 910 am
317 860 383 911 mihi
392 862 448 911 iam
458 868 540 914 notus
550 863 738 915 dissimulator
748 865 810 914 eris.

444 970 478 1009 9⁰.
502 968 542 1010 De
562 969 760 1010 rustieltiune.

266 1051 280 1087 e
294 1051 403 1087 morans
413 1036 478 1102 quid
493 1051 582 1103 agam,
596 1037 749 1103 respondeo
763 1051 860 1103 pauca,
874 1041 995 1105 rogatus.

265 1126 282 1160 :e
293 1111 359 1161 deos
370 1126 428 1173 oro,
439 1110 566 1173 famulos,
577 1116 640 1178 post
650 1111 824 1174 maraviae,

265 1186 330 1236 ibus
341 1191 421 1251 atque
431 1187 498 1236 meis
508 1186 595 1236 iustos
605 1186 698 1237 indico
708 1186 827 1237 labores.

265 1259 353 1326 elego,
364 1257 556 1326 Phoebumque
567 1260 619 1323 cio,
635 1260 796 1327 Musamque
806 1260 922 1312 lacesso.

265 1350 280 1385 o
292 1334 353 1386 oleo
365 1349 516 1400 corpusque
525 1333 605 1397 frico,
615 1335 747 1402 mollique
757 1335 896 1401 palaestra

264 1423 310 1476 rgo
321 1408 419 1471 libens,
430 1409 520 1460 animo
530 1409 660 1476 gaudens,
672 1424 705 1461 ao
714 1408 827 1462 foenore
836 1409 915 1461 liber.

265 1483 341 1546 ndeo,
352 1489 428 1549 poto,
439 1498 517 1546 cano,
528 1483 603 1547 ludo,
613 1485 686 1548 lavo,
697 1499 794 1548 coeno,
808 1484 928 1550 quiesco.

265 1579 268 1608 ι
279 1573 379 1624 parvus
390 1555 504 1622 lychnus
514 1559 650 1610 modicum
662 1563 805 1610 consumat
815 1559 891 1610 olivi.

268 1649 282 1684 e
294 1633 342 1684 dat
350 1633 490 1684 nocturnis
499 1646 556 1684 nox
565 1632 709 1684 lucubrata
719 1632 871 1684 Camoenis.

488 1741 522 1780 o1.
546 1737 586 1778 Ad
606 1736 716 1780 librum.

316 1811 375 1864 Ohe
382 1814 438 1865 iam
448 1814 516 1865 satis
526 1819 576 1876 est,
588 1812 640 1865 ohe
649 1813 751 1865 libelle.

314 1887 371 1938 lam
382 1889 552 1954 pervenimus
562 1904 648 1955 usque
658 1888 694 1939 ad
704 1887 863 1939 umbilicos:

315 1967 345 2012 tu
355 1963 502 2028 procedere
513 1961 610 2025 adhue,
625 1967 652 2013 et
661 1963 702 2013 ire
712 1962 834 2029 quaerist

314 2052 365 2087 nec
374 2052 478 2087 summa
486 2042 566 2103 potes
575 2037 604 2087 in
615 2036 717 2088 scheda
725 2037 822 2101 teneri,

315 2111 356 2162 sio
364 2116 493 2177 tanquam
503 2112 556 2163 tibi
566 2126 610 2163 res
619 2118 733 2178 peracta
741 2128 797 2163 non
807 2112 852 2175 sit,

316 2200 385 2251 quae
395 2187 484 2251 prima
494 2201 600 2252 quoque
610 2187 712 2254 pagiua
721 2193 832 2253 peracta
841 2191 891 2237 esa

314 2259 371 2309 lam
382 2260 469 2312 lector
478 2261 661 2327 queriturque,
676 2261 833 2327 deficitque3

314 2334 370 2384 iam
381 2333 511 2386 librarius
521 2332 573 2386 hoe
583 2336 678 2402 etipse
689 2336 769 2387 dicit:

316 2406 368 2459 ohe
378 2408 434 2460 iam
446 2410 514 2462 salis
524 2415 575 2473 est,
587 2407 639 2462 ohe
648 2409 751 2461 libelle.

409 2682 412 2687 .
505 2653 700 2690 *⁸⁸00*-
