<?xml version="1.0" encoding="UTF-8"?>
<!DOCTYPE html PUBLIC "-//W3C//DTD XHTML 1.0 Transitional//EN"
    "http://www.w3.org/TR/xhtml1/DTD/xhtml1-transitional.dtd">
<html xmlns="http://www.w3.org/1999/xhtml" xml:lang="en" lang="en">
 <head>
  <title>
</title>
<meta http-equiv="Content-Type" content="text/html;charset=utf-8" />
  <meta name='ocr-system' content='tesseract 3.04.00' />
  <meta name='ocr-capabilities' content='ocr_page ocr_carea ocr_par ocr_line ocrx_word'/>
</head>
<body>
  <div class='ocr_page' id='page_1' title='image "./mvaleriimartial03martgoog_0160.png"; bbox 0 0 2750 3450; ppageno 0'>
   <div class='ocr_carea' id='block_1_1' title="bbox 482 339 950 387">
    <p class='ocr_par' dir='ltr' id='par_1_1' title="bbox 482 339 950 387">
     <span class='ocr_line' id='line_1_1' title="bbox 482 339 950 387; baseline 0.004 -2"><span class='ocrx_word' id='word_1_1' title='bbox 482 339 801 387; x_wconf 74' lang='lat' dir='ltr'><strong>EPIGRAMMATUM</strong></span> <span class='ocrx_word' id='word_1_2' title='bbox 820 340 889 387; x_wconf 74' lang='grc' dir='ltr'><strong>ΜΒ.</strong></span> <span class='ocrx_word' id='word_1_3' title='bbox 907 340 950 387; x_wconf 81' lang='lat' dir='ltr'><strong>VI.</strong></span> 
     </span>
    </p>
   </div>
   <div class='ocr_carea' id='block_1_2' title="bbox 428 463 922 605">
    <p class='ocr_par' dir='ltr' id='par_1_2' title="bbox 428 463 922 605">
     <span class='ocr_line' id='line_1_2' title="bbox 429 463 897 526; baseline 0 -13"><span class='ocrx_word' id='word_1_4' title='bbox 429 463 502 515; x_wconf 84' lang='lat' dir='ltr'><strong>rides</strong></span> <span class='ocrx_word' id='word_1_5' title='bbox 511 479 572 526; x_wconf 91' lang='lat' dir='ltr'><strong>nos,</strong></span> <span class='ocrx_word' id='word_1_6' title='bbox 583 463 725 525; x_wconf 75' lang='lat' dir='ltr'><strong>oorseine,</strong></span> <span class='ocrx_word' id='word_1_7' title='bbox 736 464 775 514; x_wconf 91' lang='lat' dir='ltr'><strong>nil</strong></span> <span class='ocrx_word' id='word_1_8' title='bbox 786 464 897 514; x_wconf 78' lang='lat' dir='ltr'><strong>olentes.</strong></span> 
     </span>
     <span class='ocr_line' id='line_1_3' title="bbox 428 537 922 605; baseline 0 -18"><span class='ocrx_word' id='word_1_9' title='bbox 428 537 514 602; x_wconf 86' lang='lat' dir='ltr'><strong>Malo,</strong></span> <span class='ocrx_word' id='word_1_10' title='bbox 526 554 607 605; x_wconf 81' lang='lat' dir='ltr'><strong>quarn</strong></span> <span class='ocrx_word' id='word_1_11' title='bbox 617 538 685 588; x_wconf 85' lang='lat' dir='ltr'><strong>bene</strong></span> <span class='ocrx_word' id='word_1_12' title='bbox 696 538 779 600; x_wconf 85' lang='lat' dir='ltr'><strong>olere,</strong></span> <span class='ocrx_word' id='word_1_13' title='bbox 790 538 828 587; x_wconf 88' lang='lat' dir='ltr'><strong>nil</strong></span> <span class='ocrx_word' id='word_1_14' title='bbox 840 538 922 588; x_wconf 89' lang='lat' dir='ltr'><strong>olere.</strong></span> 
     </span>
    </p>
   </div>
   <div class='ocr_carea' id='block_1_3' title="bbox 560 633 883 675">
    <p class='ocr_par' dir='ltr' id='par_1_3' title="bbox 560 633 883 675">
     <span class='ocr_line' id='line_1_4' title="bbox 560 633 883 675; baseline 0 0"><span class='ocrx_word' id='word_1_15' title='bbox 560 637 594 675; x_wconf 79' lang='grc'><strong>56.</strong></span> <span class='ocrx_word' id='word_1_16' title='bbox 617 633 649 675; x_wconf 88' lang='lat' dir='ltr'><strong>In</strong></span> <span class='ocrx_word' id='word_1_17' title='bbox 670 633 883 675; x_wconf 68' lang='lat' dir='ltr'><strong>Clrnrielemum-</strong></span> 
     </span>
    </p>
   </div>
   <div class='ocr_carea' id='block_1_4' title="bbox 315 710 1066 1149">
    <p class='ocr_par' dir='ltr' id='par_1_4' title="bbox 316 710 989 852">
     <span class='ocr_line' id='line_1_5' title="bbox 316 710 989 776; baseline -0.001 -15"><span class='ocrx_word' id='word_1_18' title='bbox 316 712 402 772; x_wconf 74' lang='lat' dir='ltr'><strong>erod</strong></span> <span class='ocrx_word' id='word_1_19' title='bbox 412 711 464 762; x_wconf 87' lang='lat' dir='ltr'><strong>tibi</strong></span> <span class='ocrx_word' id='word_1_20' title='bbox 475 725 554 761; x_wconf 83' lang='lat' dir='ltr'><strong>crura</strong></span> <span class='ocrx_word' id='word_1_21' title='bbox 563 710 652 776; x_wconf 83' lang='lat' dir='ltr'><strong>rigent</strong></span> <span class='ocrx_word' id='word_1_22' title='bbox 661 710 737 771; x_wconf 87' lang='lat' dir='ltr'><strong>setis,</strong></span> <span class='ocrx_word' id='word_1_23' title='bbox 748 715 775 759; x_wconf 86' lang='lat' dir='ltr'><strong>et</strong></span> <span class='ocrx_word' id='word_1_24' title='bbox 785 717 898 775; x_wconf 82' lang='lat' dir='ltr'>pectora</span> <span class='ocrx_word' id='word_1_25' title='bbox 906 710 989 772; x_wconf 87' lang='lat' dir='ltr'><strong>villis,</strong></span> 
     </span>
     <span class='ocr_line' id='line_1_6' title="bbox 356 782 942 852; baseline -0.005 -17"><span class='ocrx_word' id='word_1_26' title='bbox 356 786 440 837; x_wconf 87' lang='lat' dir='ltr'><strong>verba</strong></span> <span class='ocrx_word' id='word_1_27' title='bbox 450 791 529 852; x_wconf 88' lang='lat' dir='ltr'><strong>putas</strong></span> <span class='ocrx_word' id='word_1_28' title='bbox 540 785 630 835; x_wconf 73' lang='lat' dir='ltr'><strong>farriae</strong></span> <span class='ocrx_word' id='word_1_29' title='bbox 640 789 676 841; x_wconf 79' lang='lat' dir='ltr'><strong>te.</strong></span> <span class='ocrx_word' id='word_1_30' title='bbox 688 782 857 846; x_wconf 84' lang='lat' dir='ltr'><strong>Charideme,</strong></span> <span class='ocrx_word' id='word_1_31' title='bbox 868 785 942 835; x_wconf 79' lang='lat' dir='ltr'><strong>dare.</strong></span> 
     </span>
    </p>

    <p class='ocr_par' dir='ltr' id='par_1_5' title="bbox 315 858 969 1000">
     <span class='ocr_line' id='line_1_7' title="bbox 315 858 969 926; baseline 0 -17"><span class='ocrx_word' id='word_1_32' title='bbox 315 861 459 926; x_wconf 84' lang='lat' dir='ltr'><strong>Exstirpo,</strong></span> <span class='ocrx_word' id='word_1_33' title='bbox 470 858 537 910; x_wconf 91' lang='lat' dir='ltr'><strong>mihi</strong></span> <span class='ocrx_word' id='word_1_34' title='bbox 548 859 636 920; x_wconf 87' lang='lat' dir='ltr'><strong>crede,</strong></span> <span class='ocrx_word' id='word_1_35' title='bbox 646 859 720 924; x_wconf 90' lang='lat' dir='ltr'><strong>pilos</strong></span> <span class='ocrx_word' id='word_1_36' title='bbox 732 859 765 908; x_wconf 87' lang='lat' dir='ltr'><strong>de</strong></span> <span class='ocrx_word' id='word_1_37' title='bbox 774 874 890 924; x_wconf 87' lang='lat' dir='ltr'><strong>corpore</strong></span> <span class='ocrx_word' id='word_1_38' title='bbox 899 865 969 920; x_wconf 87' lang='lat' dir='ltr'><strong>toto,</strong></span> 
     </span>
     <span class='ocr_line' id='line_1_8' title="bbox 357 932 862 1000; baseline -0.006 -15"><span class='ocrx_word' id='word_1_39' title='bbox 357 942 439 1000; x_wconf 84' lang='lat' dir='ltr'><strong>teque</strong></span> <span class='ocrx_word' id='word_1_40' title='bbox 449 934 537 1000; x_wconf 82' lang='lat' dir='ltr'><strong>pilare</strong></span> <span class='ocrx_word' id='word_1_41' title='bbox 546 939 608 983; x_wconf 80' lang='lat' dir='ltr'><strong>tuas</strong></span> <span class='ocrx_word' id='word_1_42' title='bbox 618 932 767 983; x_wconf 78' lang='lat' dir='ltr'><strong>testificare</strong></span> <span class='ocrx_word' id='word_1_43' title='bbox 776 940 862 984; x_wconf 87' lang='lat' dir='ltr'><strong>nutes.</strong></span> 
     </span>
    </p>

    <p class='ocr_par' dir='ltr' id='par_1_6' title="bbox 321 1006 1066 1149">
     <span class='ocr_line' id='line_1_9' title="bbox 321 1006 1066 1074; baseline -0.001 -15"><span class='ocrx_word' id='word_1_44' title='bbox 321 1009 400 1071; x_wconf 74' lang='lat' dir='ltr'><strong>Quae</strong></span> <span class='ocrx_word' id='word_1_45' title='bbox 410 1007 550 1060; x_wconf 71' lang='lat' dir='ltr'><strong>ratioesti</strong></span> <span class='ocrx_word' id='word_1_46' title='bbox 570 1009 670 1074; x_wconf 78' lang='lat' dir='ltr'>inquis.</span> <span class='ocrx_word' id='word_1_47' title='bbox 700 1006 760 1057; x_wconf 90' lang='lat' dir='ltr'><strong>Scis</strong></span> <span class='ocrx_word' id='word_1_48' title='bbox 769 1009 870 1059; x_wconf 83' lang='lat' dir='ltr'><strong>multos</strong></span> <span class='ocrx_word' id='word_1_49' title='bbox 881 1009 972 1059; x_wconf 86' lang='lat' dir='ltr'><strong>dicere</strong></span> <span class='ocrx_word' id='word_1_50' title='bbox 981 1008 1066 1058; x_wconf 73' lang='lat' dir='ltr'><strong>merlts</strong></span> 
     </span>
     <span class='ocr_line' id='line_1_10' title="bbox 356 1080 903 1149; baseline -0.007 -15"><span class='ocrx_word' id='word_1_51' title='bbox 356 1083 414 1134; x_wconf 82' lang='lat' dir='ltr'><strong>Fac</strong></span> <span class='ocrx_word' id='word_1_52' title='bbox 425 1083 564 1149; x_wconf 85' lang='lat' dir='ltr'><strong>paedicari</strong></span> <span class='ocrx_word' id='word_1_53' title='bbox 573 1088 609 1144; x_wconf 87' lang='lat' dir='ltr'><strong>te,</strong></span> <span class='ocrx_word' id='word_1_54' title='bbox 621 1080 791 1144; x_wconf 73' lang='lat' dir='ltr'><strong>charidewe,</strong></span> <span class='ocrx_word' id='word_1_55' title='bbox 802 1089 903 1148; x_wconf 87' lang='lat' dir='ltr'><strong>putent.</strong></span> 
     </span>
    </p>
   </div>
   <div class='ocr_carea' id='block_1_5' title="bbox 588 1172 845 1217">
    <p class='ocr_par' dir='ltr' id='par_1_7' title="bbox 588 1172 845 1217">
     <span class='ocr_line' id='line_1_11' title="bbox 588 1172 845 1217; baseline 0 0"><span class='ocrx_word' id='word_1_56' title='bbox 588 1177 623 1217; x_wconf 71' lang='lat' dir='ltr'><strong>ui.</strong></span> <span class='ocrx_word' id='word_1_57' title='bbox 647 1173 678 1216; x_wconf 85' lang='lat' dir='ltr'><strong>ln</strong></span> <span class='ocrx_word' id='word_1_58' title='bbox 698 1172 845 1217; x_wconf 77' lang='lat' dir='ltr'>Phoebum.</span> 
     </span>
    </p>
   </div>
   <div class='ocr_carea' id='block_1_6' title="bbox 265 1249 990 1606">
    <p class='ocr_par' dir='ltr' id='par_1_8' title="bbox 319 1249 960 1318">
     <span class='ocr_line' id='line_1_12' title="bbox 319 1249 960 1318; baseline 0 -16"><span class='ocrx_word' id='word_1_59' title='bbox 319 1252 447 1303; x_wconf 82' lang='lat' dir='ltr'><strong>Mentiris</strong></span> <span class='ocrx_word' id='word_1_60' title='bbox 458 1251 537 1302; x_wconf 84' lang='lat' dir='ltr'><strong>fictos</strong></span> <span class='ocrx_word' id='word_1_61' title='bbox 547 1257 694 1318; x_wconf 81' lang='lat' dir='ltr'><strong>unguento,</strong></span> <span class='ocrx_word' id='word_1_62' title='bbox 705 1249 823 1314; x_wconf 85' lang='lat' dir='ltr'><strong>Phoebe,</strong></span> <span class='ocrx_word' id='word_1_63' title='bbox 835 1252 960 1318; x_wconf 84' lang='lat' dir='ltr'><strong>capillos,</strong></span> 
     </span>
    </p>

    <p class='ocr_par' dir='ltr' id='par_1_9' title="bbox 265 1326 990 1606">
     <span class='ocr_line' id='line_1_13' title="bbox 358 1326 903 1393; baseline -0.007 -16"><span class='ocrx_word' id='word_1_64' title='bbox 358 1332 386 1377; x_wconf 89' lang='lat' dir='ltr'><strong>et</strong></span> <span class='ocrx_word' id='word_1_65' title='bbox 393 1327 496 1393; x_wconf 76' lang='lat' dir='ltr'><strong>tegitur</strong></span> <span class='ocrx_word' id='word_1_66' title='bbox 503 1328 585 1393; x_wconf 80' lang='lat' dir='ltr'><strong>pictis</strong></span> <span class='ocrx_word' id='word_1_67' title='bbox 595 1326 708 1376; x_wconf 83' lang='lat' dir='ltr'><strong>sordida</strong></span> <span class='ocrx_word' id='word_1_68' title='bbox 720 1326 798 1376; x_wconf 83' lang='lat' dir='ltr'><strong>calva</strong></span> <span class='ocrx_word' id='word_1_69' title='bbox 809 1328 903 1377; x_wconf 90' lang='lat' dir='ltr'><strong>comls.</strong></span> 
     </span>
     <span class='ocr_line' id='line_1_14' title="bbox 322 1398 989 1468; baseline 0.001 -17"><span class='ocrx_word' id='word_1_70' title='bbox 322 1401 474 1453; x_wconf 84' lang='lat' dir='ltr'><strong>Tonsorem</strong></span> <span class='ocrx_word' id='word_1_71' title='bbox 486 1402 570 1468; x_wconf 77' lang='lat' dir='ltr'><strong>capiti</strong></span> <span class='ocrx_word' id='word_1_72' title='bbox 580 1416 634 1451; x_wconf 92' lang='lat' dir='ltr'><strong>non</strong></span> <span class='ocrx_word' id='word_1_73' title='bbox 646 1406 687 1451; x_wconf 82' lang='lat' dir='ltr'><strong>est</strong></span> <span class='ocrx_word' id='word_1_74' title='bbox 697 1398 826 1452; x_wconf 83' lang='lat' dir='ltr'><strong>adhibere</strong></span> <span class='ocrx_word' id='word_1_75' title='bbox 837 1416 989 1452; x_wconf 79' lang='lat' dir='ltr'><strong>necessum:</strong></span> 
     </span>
     <span class='ocr_line' id='line_1_15' title="bbox 265 1474 990 1551; baseline -0.001 -24"><span class='ocrx_word' id='word_1_76' title='bbox 265 1514 266 1517; x_wconf 66' lang='lat'><strong>,</strong></span> <span class='ocrx_word' id='word_1_77' title='bbox 357 1476 454 1528; x_wconf 85' lang='lat' dir='ltr'><strong>radere</strong></span> <span class='ocrx_word' id='word_1_78' title='bbox 464 1482 491 1526; x_wconf 86' lang='lat' dir='ltr'><strong>te</strong></span> <span class='ocrx_word' id='word_1_79' title='bbox 500 1476 596 1527; x_wconf 87' lang='lat' dir='ltr'><strong>melius</strong></span> <span class='ocrx_word' id='word_1_80' title='bbox 606 1476 732 1542; x_wconf 82' lang='lat' dir='ltr'><strong>spongia,</strong></span> <span class='ocrx_word' id='word_1_81' title='bbox 743 1474 861 1539; x_wconf 90' lang='lat' dir='ltr'><strong>Phoebe,</strong></span> <span class='ocrx_word' id='word_1_82' title='bbox 872 1482 971 1542; x_wconf 73' lang='lat' dir='ltr'><strong>potest.</strong></span> <span class='ocrx_word' id='word_1_83' title='bbox 986 1538 990 1551; x_wconf 43' lang='grc' dir='ltr'>Ι</span> 
     </span>
     <span class='ocr_line' id='line_1_16' title="bbox 352 1554 910 1606; baseline 0 0"><span class='ocrx_word' id='word_1_84' title='bbox 352 1554 356 1567; x_wconf 74' lang='lat'>&#39;</span> <span class='ocrx_word' id='word_1_85' title='bbox 514 1568 549 1606; x_wconf 80' lang='lat'><strong>58.</strong></span> <span class='ocrx_word' id='word_1_86' title='bbox 573 1564 612 1605; x_wconf 73' lang='lat' dir='ltr'><strong>Ao</strong></span> <span class='ocrx_word' id='word_1_87' title='bbox 631 1562 729 1605; x_wconf 80' lang='lat' dir='ltr'><strong>Aulum</strong></span> <span class='ocrx_word' id='word_1_88' title='bbox 749 1564 910 1606; x_wconf 77' lang='lat' dir='ltr'><strong>Pudentem.</strong></span> 
     </span>
    </p>
   </div>
   <div class='ocr_carea' id='block_1_7' title="bbox 319 1636 1031 2443">
    <p class='ocr_par' dir='ltr' id='par_1_10' title="bbox 323 1636 1031 1783">
     <span class='ocr_line' id='line_1_17' title="bbox 323 1636 1031 1703; baseline 0.001 -12"><span class='ocrx_word' id='word_1_89' title='bbox 323 1641 439 1692; x_wconf 86' lang='lat' dir='ltr'><strong>Cernere</strong></span> <span class='ocrx_word' id='word_1_90' title='bbox 448 1636 611 1691; x_wconf 84' lang='lat' dir='ltr'><strong>Parrhasios</strong></span> <span class='ocrx_word' id='word_1_91' title='bbox 622 1640 684 1691; x_wconf 87' lang='lat' dir='ltr'><strong>dum</strong></span> <span class='ocrx_word' id='word_1_92' title='bbox 695 1645 723 1690; x_wconf 90' lang='lat' dir='ltr'><strong>te</strong></span> <span class='ocrx_word' id='word_1_93' title='bbox 732 1641 817 1702; x_wconf 88' lang='lat' dir='ltr'><strong>iuvat,</strong></span> <span class='ocrx_word' id='word_1_94' title='bbox 827 1641 903 1703; x_wconf 79' lang='lat' dir='ltr'><strong>Aule,</strong></span> <span class='ocrx_word' id='word_1_95' title='bbox 915 1641 1031 1692; x_wconf 84' lang='lat' dir='ltr'><strong>Triones</strong></span> 
     </span>
     <span class='ocr_line' id='line_1_18' title="bbox 359 1712 929 1783; baseline -0.004 -16"><span class='ocrx_word' id='word_1_96' title='bbox 359 1716 482 1768; x_wconf 87' lang='lat' dir='ltr'><strong>eominus</strong></span> <span class='ocrx_word' id='word_1_97' title='bbox 493 1721 521 1767; x_wconf 88' lang='lat' dir='ltr'><strong>et</strong></span> <span class='ocrx_word' id='word_1_98' title='bbox 531 1712 653 1783; x_wconf 76' lang='lat' dir='ltr'><strong>Scythici</strong></span> <span class='ocrx_word' id='word_1_99' title='bbox 663 1715 756 1766; x_wconf 84' lang='lat' dir='ltr'><strong>sidera</strong></span> <span class='ocrx_word' id='word_1_100' title='bbox 768 1716 847 1782; x_wconf 82' lang='lat' dir='ltr'><strong>pigra</strong></span> <span class='ocrx_word' id='word_1_101' title='bbox 857 1716 929 1782; x_wconf 84' lang='lat' dir='ltr'><strong>poli3</strong></span> 
     </span>
    </p>

    <p class='ocr_par' dir='ltr' id='par_1_11' title="bbox 321 1789 1023 1932">
     <span class='ocr_line' id='line_1_19' title="bbox 321 1789 1023 1858; baseline -0.001 -15"><span class='ocrx_word' id='word_1_102' title='bbox 321 1809 338 1843; x_wconf 95' lang='lat' dir='ltr'><strong>o</strong></span> <span class='ocrx_word' id='word_1_103' title='bbox 349 1806 431 1858; x_wconf 87' lang='lat' dir='ltr'><strong>quam</strong></span> <span class='ocrx_word' id='word_1_104' title='bbox 443 1806 527 1857; x_wconf 84' lang='lat' dir='ltr'><strong>paene</strong></span> <span class='ocrx_word' id='word_1_105' title='bbox 537 1792 589 1842; x_wconf 87' lang='lat' dir='ltr'><strong>tibi</strong></span> <span class='ocrx_word' id='word_1_106' title='bbox 600 1789 713 1858; x_wconf 81' lang='lat' dir='ltr'><strong>Stygias</strong></span> <span class='ocrx_word' id='word_1_107' title='bbox 724 1806 775 1857; x_wconf 85' lang='lat' dir='ltr'><strong>ego</strong></span> <span class='ocrx_word' id='word_1_108' title='bbox 786 1797 879 1856; x_wconf 86' lang='lat' dir='ltr'><strong>raptus</strong></span> <span class='ocrx_word' id='word_1_109' title='bbox 892 1791 926 1841; x_wconf 83' lang='lat' dir='ltr'><strong>nd</strong></span> <span class='ocrx_word' id='word_1_110' title='bbox 936 1792 1023 1842; x_wconf 85' lang='lat' dir='ltr'><strong>nudus</strong></span> 
     </span>
     <span class='ocr_line' id='line_1_20' title="bbox 358 1862 849 1932; baseline -0.006 -17"><span class='ocrx_word' id='word_1_111' title='bbox 358 1866 472 1932; x_wconf 83' lang='lat' dir='ltr'><strong>Elysiae</strong></span> <span class='ocrx_word' id='word_1_112' title='bbox 481 1866 535 1916; x_wconf 88' lang='lat' dir='ltr'><strong>vidi</strong></span> <span class='ocrx_word' id='word_1_113' title='bbox 547 1866 641 1916; x_wconf 86' lang='lat' dir='ltr'><strong>nubila</strong></span> <span class='ocrx_word' id='word_1_114' title='bbox 651 1865 728 1915; x_wconf 85' lang='lat' dir='ltr'><strong>fusca</strong></span> <span class='ocrx_word' id='word_1_115' title='bbox 740 1862 849 1931; x_wconf 80' lang='lat' dir='ltr'><strong>plagae!</strong></span> 
     </span>
    </p>

    <p class='ocr_par' dir='ltr' id='par_1_12' title="bbox 320 1940 1013 2081">
     <span class='ocr_line' id='line_1_21' title="bbox 320 1940 1013 2005; baseline -0.001 -14"><span class='ocrx_word' id='word_1_116' title='bbox 320 1941 454 2002; x_wconf 76' lang='lat' dir='ltr'><strong>Quamvis</strong></span> <span class='ocrx_word' id='word_1_117' title='bbox 465 1941 539 1991; x_wconf 87' lang='lat' dir='ltr'><strong>lassa</strong></span> <span class='ocrx_word' id='word_1_118' title='bbox 548 1946 612 1990; x_wconf 83' lang='lat' dir='ltr'><strong>tuos</strong></span> <span class='ocrx_word' id='word_1_119' title='bbox 623 1940 790 2005; x_wconf 85' lang='lat' dir='ltr'><strong>quaerebant</strong></span> <span class='ocrx_word' id='word_1_120' title='bbox 800 1941 902 1990; x_wconf 88' lang='lat' dir='ltr'><strong>lumina</strong></span> <span class='ocrx_word' id='word_1_121' title='bbox 914 1940 1013 2003; x_wconf 89' lang='lat' dir='ltr'><strong>vultus,</strong></span> 
     </span>
     <span class='ocr_line' id='line_1_22' title="bbox 359 2014 978 2081; baseline -0.002 -16"><span class='ocrx_word' id='word_1_122' title='bbox 359 2022 443 2081; x_wconf 85' lang='lat' dir='ltr'><strong>atque</strong></span> <span class='ocrx_word' id='word_1_123' title='bbox 453 2022 511 2065; x_wconf 84' lang='lat' dir='ltr'><strong>erat</strong></span> <span class='ocrx_word' id='word_1_124' title='bbox 520 2016 548 2065; x_wconf 92' lang='lat' dir='ltr'><strong>in</strong></span> <span class='ocrx_word' id='word_1_125' title='bbox 558 2015 650 2081; x_wconf 85' lang='lat' dir='ltr'><strong>gelido</strong></span> <span class='ocrx_word' id='word_1_126' title='bbox 662 2015 794 2080; x_wconf 86' lang='lat' dir='ltr'><strong>plurimus</strong></span> <span class='ocrx_word' id='word_1_127' title='bbox 806 2031 853 2065; x_wconf 87' lang='lat' dir='ltr'><strong>ore</strong></span> <span class='ocrx_word' id='word_1_128' title='bbox 862 2014 978 2066; x_wconf 88' lang='lat' dir='ltr'><strong>Pudens.</strong></span> 
     </span>
    </p>

    <p class='ocr_par' dir='ltr' id='par_1_13' title="bbox 320 2088 967 2226">
     <span class='ocr_line' id='line_1_23' title="bbox 320 2088 947 2156; baseline -0.002 -14"><span class='ocrx_word' id='word_1_129' title='bbox 320 2089 350 2142; x_wconf 88' lang='lat' dir='ltr'><strong>Si</strong></span> <span class='ocrx_word' id='word_1_130' title='bbox 362 2088 429 2140; x_wconf 92' lang='lat' dir='ltr'><strong>mihi</strong></span> <span class='ocrx_word' id='word_1_131' title='bbox 440 2090 565 2141; x_wconf 82' lang='lat' dir='ltr'><strong>lanificae</strong></span> <span class='ocrx_word' id='word_1_132' title='bbox 576 2090 677 2140; x_wconf 86' lang='lat' dir='ltr'><strong>ducunt</strong></span> <span class='ocrx_word' id='word_1_133' title='bbox 686 2105 740 2139; x_wconf 93' lang='lat' dir='ltr'><strong>non</strong></span> <span class='ocrx_word' id='word_1_134' title='bbox 751 2090 827 2156; x_wconf 90' lang='lat' dir='ltr'><strong>pulla</strong></span> <span class='ocrx_word' id='word_1_135' title='bbox 837 2106 947 2141; x_wconf 87' lang='lat' dir='ltr'><strong>sorores</strong></span> 
     </span>
     <span class='ocr_line' id='line_1_24' title="bbox 358 2162 967 2226; baseline -0.002 -11"><span class='ocrx_word' id='word_1_136' title='bbox 358 2164 486 2226; x_wconf 82' lang='lat' dir='ltr'><strong>stamina,</strong></span> <span class='ocrx_word' id='word_1_137' title='bbox 497 2180 547 2215; x_wconf 87' lang='lat' dir='ltr'><strong>nec</strong></span> <span class='ocrx_word' id='word_1_138' title='bbox 556 2165 653 2215; x_wconf 90' lang='lat' dir='ltr'><strong>surdos</strong></span> <span class='ocrx_word' id='word_1_139' title='bbox 664 2180 718 2216; x_wconf 84' lang='lat' dir='ltr'><strong>vox</strong></span> <span class='ocrx_word' id='word_1_140' title='bbox 728 2162 811 2215; x_wconf 89' lang='lat' dir='ltr'><strong>habet</strong></span> <span class='ocrx_word' id='word_1_141' title='bbox 820 2165 877 2216; x_wconf 86' lang='lat' dir='ltr'><strong>ista</strong></span> <span class='ocrx_word' id='word_1_142' title='bbox 886 2165 967 2216; x_wconf 86' lang='lat' dir='ltr'><strong>deos:</strong></span> 
     </span>
    </p>

    <p class='ocr_par' dir='ltr' id='par_1_14' title="bbox 319 2238 984 2380">
     <span class='ocr_line' id='line_1_25' title="bbox 319 2238 984 2306; baseline -0.003 -14"><span class='ocrx_word' id='word_1_143' title='bbox 319 2239 426 2306; x_wconf 89' lang='lat' dir='ltr'><strong>sospite</strong></span> <span class='ocrx_word' id='word_1_144' title='bbox 437 2254 479 2289; x_wconf 88' lang='lat' dir='ltr'><strong>rue</strong></span> <span class='ocrx_word' id='word_1_145' title='bbox 489 2255 585 2305; x_wconf 89' lang='lat' dir='ltr'><strong>sospes</strong></span> <span class='ocrx_word' id='word_1_146' title='bbox 594 2238 692 2290; x_wconf 86' lang='lat' dir='ltr'><strong>Latias</strong></span> <span class='ocrx_word' id='word_1_147' title='bbox 702 2238 838 2290; x_wconf 85' lang='lat' dir='ltr'><strong>reveheris</strong></span> <span class='ocrx_word' id='word_1_148' title='bbox 849 2240 884 2289; x_wconf 85' lang='lat' dir='ltr'><strong>ad</strong></span> <span class='ocrx_word' id='word_1_149' title='bbox 894 2240 984 2302; x_wconf 86' lang='lat' dir='ltr'><strong>urbes,</strong></span> 
     </span>
     <span class='ocr_line' id='line_1_26' title="bbox 359 2312 890 2380; baseline -0.004 -16"><span class='ocrx_word' id='word_1_150' title='bbox 359 2319 387 2364; x_wconf 89' lang='lat' dir='ltr'><strong>et</strong></span> <span class='ocrx_word' id='word_1_151' title='bbox 395 2312 497 2365; x_wconf 80' lang='lat' dir='ltr'><strong>referes</strong></span> <span class='ocrx_word' id='word_1_152' title='bbox 507 2314 557 2379; x_wconf 92' lang='lat' dir='ltr'><strong>pili</strong></span> <span class='ocrx_word' id='word_1_153' title='bbox 567 2315 689 2380; x_wconf 86' lang='lat' dir='ltr'><strong>praemia</strong></span> <span class='ocrx_word' id='word_1_154' title='bbox 700 2314 789 2364; x_wconf 83' lang='lat' dir='ltr'><strong>clarus</strong></span> <span class='ocrx_word' id='word_1_155' title='bbox 800 2329 890 2380; x_wconf 86' lang='lat' dir='ltr'><strong>eques.</strong></span> 
     </span>
    </p>

    <p class='ocr_par' dir='ltr' id='par_1_15' title="bbox 586 2399 851 2443">
     <span class='ocr_line' id='line_1_27' title="bbox 586 2399 851 2443; baseline -0.008 0"><span class='ocrx_word' id='word_1_156' title='bbox 586 2403 620 2443; x_wconf 80' lang='grc'><strong>59.</strong></span> <span class='ocrx_word' id='word_1_157' title='bbox 644 2399 675 2442; x_wconf 89' lang='lat' dir='ltr'><strong>ln</strong></span> <span class='ocrx_word' id='word_1_158' title='bbox 694 2401 851 2443; x_wconf 73' lang='lat' dir='ltr'><strong>Beccnnro.</strong></span> 
     </span>
    </p>
   </div>
   <div class='ocr_carea' id='block_1_8' title="bbox 324 2476 1025 2925">
    <p class='ocr_par' dir='ltr' id='par_1_16' title="bbox 324 2476 1025 2925">
     <span class='ocr_line' id='line_1_28' title="bbox 324 2476 1025 2544; baseline -0.001 -16"><span class='ocrx_word' id='word_1_159' title='bbox 324 2478 358 2528; x_wconf 73' lang='lat' dir='ltr'><strong>ut</strong></span> <span class='ocrx_word' id='word_1_160' title='bbox 369 2477 454 2539; x_wconf 82' lang='lat' dir='ltr'><strong>dolet,</strong></span> <span class='ocrx_word' id='word_1_161' title='bbox 464 2483 492 2527; x_wconf 80' lang='lat' dir='ltr'><strong>et</strong></span> <span class='ocrx_word' id='word_1_162' title='bbox 501 2479 631 2543; x_wconf 86' lang='lat' dir='ltr'><strong>queritur,</strong></span> <span class='ocrx_word' id='word_1_163' title='bbox 642 2478 695 2528; x_wconf 88' lang='lat' dir='ltr'><strong>sibi</strong></span> <span class='ocrx_word' id='word_1_164' title='bbox 706 2493 761 2529; x_wconf 93' lang='lat' dir='ltr'><strong>non</strong></span> <span class='ocrx_word' id='word_1_165' title='bbox 773 2477 929 2544; x_wconf 83' lang='lat' dir='ltr'><strong>contingere</strong></span> <span class='ocrx_word' id='word_1_166' title='bbox 938 2476 1025 2544; x_wconf 75' lang='lat' dir='ltr'><strong>frigus</strong></span> 
     </span>
     <span class='ocr_line' id='line_1_29' title="bbox 359 2552 945 2618; baseline -0.002 -16"><span class='ocrx_word' id='word_1_167' title='bbox 359 2558 472 2618; x_wconf 88' lang='lat' dir='ltr'><strong>propter</strong></span> <span class='ocrx_word' id='word_1_168' title='bbox 482 2563 624 2603; x_wconf 80' lang='lat' dir='ltr'><strong>sexcentas</strong></span> <span class='ocrx_word' id='word_1_169' title='bbox 633 2552 758 2603; x_wconf 76' lang='lat' dir='ltr'><strong>Baccara</strong></span> <span class='ocrx_word' id='word_1_170' title='bbox 767 2553 945 2618; x_wconf 79' lang='lat' dir='ltr'><strong>gausapinas:</strong></span> 
     </span>
     <span class='ocr_line' id='line_1_30' title="bbox 340 2626 997 2693; baseline -0.002 -17"><span class='ocrx_word' id='word_1_171' title='bbox 340 2633 401 2693; x_wconf 83' lang='lat' dir='ltr'><strong>ptat</strong></span> <span class='ocrx_word' id='word_1_172' title='bbox 413 2633 441 2678; x_wconf 85' lang='lat' dir='ltr'><strong>ct</strong></span> <span class='ocrx_word' id='word_1_173' title='bbox 453 2626 583 2678; x_wconf 79' lang='lat' dir='ltr'><strong>obscuras</strong></span> <span class='ocrx_word' id='word_1_174' title='bbox 593 2628 676 2688; x_wconf 86' lang='lat' dir='ltr'><strong>luces,</strong></span> <span class='ocrx_word' id='word_1_175' title='bbox 686 2632 844 2691; x_wconf 83' lang='lat' dir='ltr'><strong>ventosque,</strong></span> <span class='ocrx_word' id='word_1_176' title='bbox 854 2626 997 2692; x_wconf 78' lang='lat' dir='ltr'><strong>nivesque:</strong></span> 
     </span>
     <span class='ocr_line' id='line_1_31' title="bbox 359 2700 846 2767; baseline -0.002 -15"><span class='ocrx_word' id='word_1_177' title='bbox 359 2702 420 2752; x_wconf 83' lang='lat' dir='ltr'><strong>o&#39;dit</strong></span> <span class='ocrx_word' id='word_1_178' title='bbox 430 2706 457 2752; x_wconf 87' lang='lat' dir='ltr'><strong>et</strong></span> <span class='ocrx_word' id='word_1_179' title='bbox 466 2700 603 2765; x_wconf 87' lang='lat' dir='ltr'><strong>hibernos,</strong></span> <span class='ocrx_word' id='word_1_180' title='bbox 615 2703 639 2753; x_wconf 89' lang='lat' dir='ltr'><strong>si</strong></span> <span class='ocrx_word' id='word_1_181' title='bbox 647 2707 766 2767; x_wconf 85' lang='lat' dir='ltr'><strong>tepuere,</strong></span> <span class='ocrx_word' id='word_1_182' title='bbox 779 2701 846 2751; x_wconf 82' lang='lat' dir='ltr'><strong>dies.</strong></span> 
     </span>
     <span class='ocr_line' id='line_1_32' title="bbox 347 2773 1024 2843; baseline 0.003 -16"><span class='ocrx_word' id='word_1_183' title='bbox 347 2776 395 2827; x_wconf 86' lang='lat' dir='ltr'><strong>uid</strong></span> <span class='ocrx_word' id='word_1_184' title='bbox 407 2775 497 2828; x_wconf 79' lang='lat' dir='ltr'><strong>fecere</strong></span> <span class='ocrx_word' id='word_1_185' title='bbox 507 2773 573 2827; x_wconf 76' lang='lat' dir='ltr'><strong>moli</strong></span> <span class='ocrx_word' id='word_1_186' title='bbox 582 2783 694 2829; x_wconf 85' lang='lat' dir='ltr'><strong>nostroe</strong></span> <span class='ocrx_word' id='word_1_187' title='bbox 704 2773 766 2842; x_wconf 87' lang='lat' dir='ltr'><strong>tibi,</strong></span> <span class='ocrx_word' id='word_1_188' title='bbox 777 2776 1024 2843; x_wconf 56' lang='lat' dir='ltr'><strong>succensemus,</strong></span> 
     </span>
     <span class='ocr_line' id='line_1_33' title="bbox 352 2847 1011 2925; baseline 0.003 -27"><span class='ocrx_word' id='word_1_189' title='bbox 352 2851 450 2902; x_wconf 77' lang='lat' dir='ltr'><strong>tollere</strong></span> <span class='ocrx_word' id='word_1_190' title='bbox 460 2850 495 2902; x_wconf 82' lang='lat' dir='ltr'><strong>‹le</strong></span> <span class='ocrx_word' id='word_1_191' title='bbox 503 2853 629 2921; x_wconf 85' lang='lat' dir='ltr'><strong>scapulis</strong></span> <span class='ocrx_word' id='word_1_192' title='bbox 639 2869 713 2924; x_wconf 82' lang='lat' dir='ltr'><strong>quas</strong></span> <span class='ocrx_word' id='word_1_193' title='bbox 721 2854 797 2911; x_wconf 78' lang='lat' dir='ltr'><strong>levis</strong></span> <span class='ocrx_word' id='word_1_194' title='bbox 808 2871 883 2910; x_wconf 81' lang='lat' dir='ltr'><strong>aura</strong></span> <span class='ocrx_word' id='word_1_195' title='bbox 890 2847 1011 2925; x_wconf 49' lang='lat' dir='ltr'><strong>pubem&amp;</strong></span> 
     </span>
    </p>
   </div>
   <div class='ocr_carea' id='block_1_9' title="bbox 1131 2826 1143 2874">
    <p class='ocr_par' dir='ltr' id='par_1_17' title="bbox 1131 2826 1143 2874">
     <span class='ocr_line' id='line_1_34' title="bbox 1131 2826 1143 2874; baseline 0 0"><span class='ocrx_word' id='word_1_196' title='bbox 1131 2826 1143 2874; x_wconf 72' lang='lat' dir='ltr'><strong>l</strong></span> 
     </span>
    </p>
   </div>
   <div class='ocr_carea' id='block_1_10' title="bbox 0 0 1380 3450">
    <p class='ocr_par' dir='ltr' id='par_1_18' title="bbox 0 0 1380 3450">
     <span class='ocr_line' id='line_1_35' title="bbox 0 0 1380 3450; baseline 0 4"><span class='ocrx_word' id='word_1_197' title='bbox 0 0 1380 3450; x_wconf 95' lang='lat' dir='ltr'><strong> </strong></span> 
     </span>
    </p>
   </div>
  </div>
 </body>
</html>
