2750 3450
590 364 808 413 aiaarranls

398 490 478 542 Nosti
488 495 613 555 tempora
622 493 651 538 tu
660 487 735 539 loris
745 488 845 553 sereni,

373 604 382 621 ⁴
398 581 457 617 cum
468 564 553 630 fulget
563 563 696 628 placidus,
706 577 810 628 suoque
820 564 913 627 vultu,

398 656 452 707 quo
462 639 501 689 nil
512 637 680 703 supplicibus
691 636 762 688 solet
771 652 883 704 negare.

398 714 459 766 Non
471 719 520 774 est,
532 711 605 778 quod
614 717 721 762 metuas
731 726 825 777 preces
834 713 969 779 iniquass

398 803 533 855 nunquam
545 787 669 853 grandia,
682 801 734 837 nec
743 785 863 838 molesta
873 789 982 853 poscit,

399 878 468 932 quae
479 863 560 913 cedro
572 861 712 923 decorata,
727 874 906 928 purpuraque

398 938 484 1005 nigris
495 937 596 1003 pagina
607 937 693 987 crevit
702 935 850 987 umbilicis.

399 1012 456 1064 Nec
465 1011 620 1077 porrexeris
629 1011 693 1073 ista,
706 1009 754 1060 sed
766 1014 870 1074 teneto,

399 1087 439 1138 sic
448 1092 576 1151 tanquam
588 1083 656 1134 nihil
668 1083 769 1135 offeras
780 1099 916 1152 agaaque.

400 1159 429 1212 Si
440 1161 504 1210 novi
514 1159 652 1209 dominum
665 1174 763 1209 novem
774 1174 915 1224 sororum,

398 1235 472 1285 ultro
482 1246 644 1299 purpureum
655 1238 728 1299 petet
738 1232 870 1284 libellum.

572 1324 592 1364 i.
617 1320 657 1362 Ati
676 1319 840 1363 Volcanum

310 1386 434 1447 Qualiter
444 1384 572 1450 Assyrios
582 1388 715 1435 renovant
726 1382 855 1434 incendia
864 1385 960 1450 nidos,

346 1475 400 1510 una
410 1459 502 1509 decem
513 1459 621 1524 quoties
632 1458 725 1509 secula
734 1457 804 1509 vixit
813 1458 889 1509 avias

307 1535 401 1585 taliter
411 1539 493 1584 exuta
503 1540 545 1584 est
554 1537 671 1584 veterem
682 1547 755 1583 nova
764 1530 853 1583 Roma
864 1538 1017 1600 senectam,

346 1615 373 1659 et
381 1609 478 1659 sumsit
488 1608 577 1659 vultus
591 1607 727 1675 praesidis
736 1607 798 1672 ipsa
807 1606 860 1657 sui.

308 1684 366 1735 lam
376 1698 473 1751 precor
484 1682 584 1735 oblitus
595 1688 715 1745 nostrae,
726 1679 858 1745 Volcano,
870 1683 1004 1749 querelae

346 1775 440 1825 parce:
456 1774 548 1809 sumus
557 1757 656 1809 Martis
665 1756 755 1820 truha,
770 1756 819 1808 sed
830 1762 859 1808 et
867 1755 997 1828 Veneris.

308 1833 403 1897 Parce,
414 1838 504 1900 pater:
520 1834 560 1884 sic
570 1831 726 1884 Lemniacis
736 1832 841 1883 lasciva
850 1835 961 1886 eatenis

345 1910 472 1975 ignoscat
481 1908 590 1969 coniux,
601 1913 628 1957 et
639 1908 775 1973 patienter
784 1912 865 1959 amet

586 1998 606 2036 8.
631 1996 670 2036 Da
691 1994 822 2037 Phaside.

401 2057 525 2108 Edictum
537 2058 641 2108 domini
652 2057 749 2124 deique
759 2058 857 2121 nostri,

401 2147 455 2198 quo
466 2132 597 2182 subsellia
606 2133 726 2182 certiora
739 2132 814 2195 liunt,

401 2212 428 2256 et
437 2221 520 2272 puros
531 2222 612 2272 eques
624 2207 733 2257 ordines
743 2206 855 2272 recepit,

401 2282 463 2331 dum
474 2281 569 2331 laudat
578 2282 660 2332 modo
672 2279 769 2332 Phasis
779 2282 807 2331 in
817 2278 939 2346 theatro,

400 2354 498 2406 Phasis
509 2358 650 2422 purpureis
663 2356 763 2407 rubens
772 2349 901 2419 lace‘rnis,

401 2436 428 2482 et
437 2432 524 2481 iactat
531 2432 636 2481 tumido
647 2431 780 2496 superbus
791 2445 853 2481 ore:

399 2506 509 2557 tandem
521 2506 691 2556 commodius
701 2505 767 2556 licet
776 2505 885 2567 sedere3

401 2597 472 2632 numo
482 2585 523 2631 est
533 2581 640 2631 reddita
651 2581 771 2646 dignitas
782 2581 934 2645 equestria
966 2639 969 2646 ¹

401 2655 481 2706 turba
490 2672 545 2705 non
556 2656 710 2722 premimur,
720 2670 771 2705 nee
779 2654 971 2720 inquinamur

402 2725 469 2779 haec
490 2737 517 2780 et
525 2730 595 2780 talia
606 2730 669 2780 dum
679 2728 763 2779 refert
772 2729 897 2795 supinus,

393 2805 461 2859 illas
471 2822 628 2877 purpureas
642 2808 843 2871 etarrogantes

389 2884 480 2939 iussit
492 2900 611 2959 surgere
620 2879 890 2937 Leouualaearm
