2750 3450
493 709 532 762 Μ.
563 709 660 762 VAL.
688 708 962 763 MARTIALIS

328 854 1128 929 EPIGRAMMA'PUM

579 1018 874 1072 ninnnxlu

440 1184 485 1221 GU!
506 1184 743 1221 APOPHORETA
763 1183 888 1229 murrum
907 1183 1019 1220 NOMEN.

603 1447 622 1486 1.
646 1443 686 1485 Ad
703 1442 847 1486 lectorem.

330 1523 519 1601 Synthesibus
530 1536 592 1587 dum
604 1538 705 1605 gaudet
719 1552 801 1603 eques
814 1537 996 1603 dominusque
1006 1545 1123 1599 senatus,

366 1610 482 1676 dumque
494 1611 589 1662 decent
598 1618 721 1663 nostrum
732 1612 806 1678 pilea
815 1617 905 1662 sumta
914 1611 1023 1663 lovem:

328 1699 378 1737 nec
387 1685 466 1736 timet
476 1686 590 1738 aedilem
601 1692 677 1738 moto
688 1692 812 1753 spectare
822 1685 930 1749 fritillo,

366 1777 425 1811 cum
436 1761 529 1811 videat
538 1762 645 1828 gelidos
654 1762 710 1811 iam
721 1777 806 1828 prope
817 1778 901 1813 verna
910 1762 1003 1813 lacus:

329 1835 422 1885 divitis
434 1836 561 1899 alternas,
574 1843 601 1887 et
611 1838 738 1902 pauperis
753 1837 845 1902 accipe
856 1842 959 1887 sortes:

365 1911 488 1975 praemia
499 1912 630 1961 convivae
641 1912 687 1961 det
697 1926 747 1961 sua
757 1913 871 1978 quisque
882 1926 942 1961 suo.

328 1983 398 2034 Sunt
408 1986 514 2050 apinae,
525 1986 673 2051 tricaeque,
684 1987 745 2058 qni
756 1986 820 2051 quid
832 1986 914 2035 vilius
923 1986 996 2037 istis.

367 2058 434 2118 Quis
445 2058 546 2109 nesciti
562 2057 613 2110 'vei
624 2061 683 2125 quis
694 2066 750 2111 tam
760 2060 906 2110 manifesta
916 2059 1018 2126 negati

329 2132 382 2183 Sed
394 2134 458 2199 quid
471 2149 549 2201 agam
560 2136 651 2201 potius
662 2135 789 2197 madidis,
800 2132 925 2196 Saturne,
938 2135 1046 2199 diebus,

366 2224 434 2274 quos
444 2209 496 2258 tibi
506 2223 557 2274 pro
570 2210 648 2260 coelo
660 2210 733 2260 iilius
742 2211 801 2276 ipse
813 2207 905 2260 dediti

330 2281 377 2332 Vis
389 2284 506 2334 scribam
517 2281 635 2347 Thebas,
642 2284 964 2350 Troiamque‚malasque
975 2279 1117 2350 Mycenas!

365 2356 452 2420 Lude,
463 2359 562 2423 inquis,
574 2360 701 2410 nucibus:
716 2360 828 2424 perdere
838 2359 904 2409 noio
914 2373 1008 2409 nuces.
1158 2355 1160 2360 ’

331 2431 391 2491 Quo
403 2434 444 2482 vis
455 2448 558 2498 ermque
569 2433 641 2496 icco,
653 2440 731 2501 potes
741 2432 811 2484 hunc
824 2434 903 2485 finire
912 2432 1052 2483 libellum:
1151 2453 1156 2468 ·

365 2507 487 2557 versibus
499 2508 656 2573 explicitum
666 2515 708 2559 est
719 2523 797 2559 omne
808 2507 915 2559 duobus
926 2521 1006 2573 opus.

607 2632 627 2670 2.
651 2629 843 2684 Apophoreta.

317 2724 471 2780 Lemmata
482 2730 508 2782 si
520 2728 635 2798 quaeris
647 2742 694 2778 eur
704 2726 762 2777 sint
769 2725 919 2787 adscripta,
923 2723 1044 2774 nuceum

348 2812 390 2871 nt,
406 2808 431 2861 si
442 2807 600 2873 malueris,
607 2807 751 2859 iemmata
760 2797 919 2860 sciaiegas.
