2750 3450
437 384 749 433 EPlGRAMMATflM
778 383 847 430 ΜΒ.
883 384 903 431 Ι.
1035 380 1068 430 21

273 507 395 560 nondum
405 489 551 570 scitiuait,
566 513 680 559 mortem
690 521 746 557 non
756 521 838 575 posse
848 503 960 573 negari}

311 581 498 646 credideram,
509 582 577 633 sutis
587 581 640 633 hnc
649 597 699 633 vos
709 581 835 632 docuisse
845 587 966 646 patrem,

274 656 362 719 Dixit,
374 662 402 707 et
412 657 537 708 ardentes
549 657 629 708 avido
640 656 711 707 bibit
721 670 768 706 ore
778 654 897 706 favillas.

312 730 413 794 lumb,
425 736 452 782 et
460 731 570 794 ferrum,
580 730 660 782 turba
670 728 796 792 molesta,
806 744 883 797 nega.

538 829 573 868 44.
595 825 627 867 Iu
642 825 805 868 Mancinum.

276 902 325 954 Bis
334 902 387 954 tibi
396 902 494 953 triceni
503 901 613 965 fuimus,
624 901 762 963 Meroide,
771 901 872 963 vocati,

314 982 342 1027 et
350 977 471 1043 positum
481 982 523 1028 est
531 977 613 1028 nobis
622 976 661 1027 nil
673 974 745 1038 here,
756 980 865 1041 praeter
875 990 982 1041 aprum:

277 1067 331 1104 uon
342 1065 414 1118 quae
422 1051 456 1102 de
465 1051 552 1104 tardis
565 1057 707 1103 servantur
715 1050 817 1101 vitibus
826 1064 904 1113 uvae,

314 1125 440 1177 dulcibus
451 1132 499 1176 aut
509 1131 613 1177 certant
622 1140 693 1193 quae
702 1124 839 1176 melimela
847 1123 933 1176 favis:

279 1216 331 1252 unu
341 1215 421 1267 pyra,
432 1216 502 1267 quae
511 1200 586 1251 lenta
595 1201 713 1266 pendent
721 1200 838 1267 religata
847 1202 963 1267 genista,

314 1280 362 1325 eut
370 1275 480 1326 imitata
488 1276 583 1327 breves
593 1275 697 1326 Punica
705 1274 779 1325 mala
787 1290 880 1326 rosas:

228 1352 235 1409 ³,
277 1348 522 1400 rusticalsstantes
530 1365 581 1400 nec
590 1351 665 1401 misit
674 1349 770 1400 lisbius
779 1355 874 1414 metas,

228 1434 242 1485 ξ
312 1438 364 1475 nec
375 1424 409 1475 de
418 1423 526 1475 Picenis
536 1424 610 1475 venit
620 1424 695 1476 oliva
704 1425 788 1475 cadis.

228 1488 244 1561 ἶ
277 1496 372 1549 Nudus
383 1513 461 1565 aper3
481 1498 529 1549 sed
539 1503 567 1549 et
575 1496 622 1550 hie
630 1498 766 1561 minimus,
780 1500 923 1566 qualisque
937 1501 1031 1551 necari

228 1574 244 1633 ’ςῑ
314 1573 781 1640 anonamratopumilinnepotest.

228 1634 245 1764 ἐ
279 1645 392 1773 Etlnihil
400 1647 463 1699 inde
474 1648 567 1700 datum
573 1653 633 1775 leun
642 1653 756 1773 'tanttnm
766 1648 948 1774 speetlavtimus
964 1665 1067 1701 omnes.

228 1769 244 1790 ...-
338 1737 420 1775 onere
431 1738 571 1789 aprumnn
592 1738 692 1775 rss1ee
714 1737 838 1774 stenaro
851 1740 886 1773 e.

228 1797 236 1836 ἱ·
278 1796 399 1849 Ponatur
408 1797 459 1849 tibi
469 1799 559 1850 nullus
570 1813 635 1865 aper
644 1802 709 1863 post
716 1797 786 1847 talia
795 1796 883 1848 faeta:

228 1869 246 1960 ζ
313 1871 362 1924 sed
371 1877 401 1923 tn
411 1874 532 1939 panaris,
543 1874 587 1924 cui
598 1870 784 1935 Charidemus,
795 1887 872 1939 apro.

548 1964 582 2003 4⁵.
606 1959 644 2000 Ad
665 1957 793 2002 Stellam.

228 2045 238 2100 ‚t
276 2036 412 2088 [lascivus
421 2036 544 2103 leporum
555 2052 649 2087 aursus
659 2036 789 2103 lususque
797 2036 908 2089 leonum

313 2112 387 2178 quud
397 2113 485 2163 maior
494 2110 575 2162 nobis
585 2108 680 2163 charta
691 2113 831 2178 minorque
841 2114 920 2179 gerit,

275 2196 303 2237 et
309 2186 355 2237 bis
364 2186 438 2237 idem
447 2185 571 2248 facimus,
590 2186 703 2237 nimium
714 2186 747 2250 si,
762 2185 858 2250 Stella,
869 2188 976 2239 videtur

311 2257 367 2312 hoe
374 2261 434 2324 tibi,
459 2261 501 2311 bis
512 2260 632 2326 leporem
642 2267 672 2312 tu
682 2276 790 2328 quoque
800 2277 872 2329 pone
882 2261 958 2313 milri.

537 2350 572 2391 lt.
597 2347 636 2391 De
654 2347 731 2390 libro
746 2363 801 2391 ιιιο.

274 2422 359 2474 Edita
368 2438 402 2473 ne
412 2423 539 2475 brevibus
550 2429 644 2490 pereat
653 2422 722 2475 mihi
732 2422 828 2477 charta
836 2424 948 2491 libellis,

311 2497 419 2548 dicatur
428 2500 520 2565 potius
531 2494 577 2546 τὸν
587 2494 611 2546 d’
622 2494 839 2560 ἀπαμειβόμενος.

542 2590 576 2629 ii.
602 2588 619 2627 A
628 2588 640 2628 d
658 2586 801 2638 Hedylnru.

275 2661 342 2713 Cum
353 2660 432 2723 dieis,
442 2677 569 2729 propero,
579 2663 633 2725 fac,
644 2664 668 2714 si
677 2663 757 2726 fadis,
767 2663 890 2731 Hedyle3
899 2664 1012 2735 lamet

311 2736 436 2802 protinus
446 2742 474 2787 et
486 2744 576 2789 cessat
585 2738 730 2789 debilitata
739 2736 840 2790 Venus.

274 2811 442 2877 Exspectare
453 2811 528 2863 iube:
549 2813 670 2864 velocius
680 2813 727 2863 ibe
738 2817 866 2865 retentus

310 2884 430 2952 Hedyle,
440 2886 462 2938 si
474 2902 616 2954 properas,
626 2887 671 2940 dic
679 2885 758 2953 mibi,
766 2904 801 2941 ne
810 2904 972 2960 annuerem.
