2750 3450
342 406 391 458 118
630 408 844 456 maurianis

578 532 612 571 1³.
635 529 667 571 In
688 527 895 571 Callistratum.

342 597 416 660 Sum,
427 598 525 660 fateor,
536 614 694 664 semperque
705 598 754 660 fui,
765 598 932 662 Callistrate,
943 614 1062 668 pauper,

379 673 427 722 sed
438 689 492 724 non
504 673 642 735 obscurus,
653 688 704 722 nec
713 673 784 722 male
794 678 875 723 notus
885 688 985 739 eques:

341 748 389 797 sed
400 753 460 798 toto
470 748 547 813 legor
558 747 623 798 orbe
633 746 773 812 frequens3
791 752 817 796 et
829 747 938 810 dicitur,
950 749 1010 801 ilic
1019 756 1076 803 est:

379 823 505 888 quodque
516 823 584 872 cinis
595 822 700 887 paucis,
710 819 764 871 hoc
773 819 840 870 mihi
849 822 907 871 vita
917 823 1006 874 dedit.

340 896 375 945 At
384 901 432 946 tua
444 896 562 946 centenis
572 895 731 946 incumbunt
740 901 813 945 tecta
826 895 972 959 columnis,

378 976 405 1020 et
414 971 557 1021 libertinas
568 985 632 1021 arca
642 969 765 1037 flagellat
775 984 854 1035 opesz

339 1060 492 1112 magnaque
503 1043 628 1095 Niliacae
638 1045 722 1096 seruit
731 1044 784 1094 tibi
793 1044 875 1111 gleba
884 1042 1006 1111 Syenes3

376 1121 473 1171 tondet
482 1124 509 1169 et
517 1119 674 1170 innumeros
685 1117 794 1169 Gallica
806 1118 906 1169 Parma
915 1134 1026 1188 greges.

339 1193 403 1246 Hoc
413 1209 464 1261 ego
474 1200 557 1259 tuque
567 1209 667 1244 sumus.
683 1191 737 1244 Sed
748 1193 822 1259 quod
831 1209 961 1256 sum‚n0n
971 1200 1056 1261 potes
1065 1212 1130 1251 ast:

376 1275 407 1319 tu
417 1268 491 1335 quod
501 1283 540 1329 es,
549 1283 564 1318 e
574 1268 677 1334 populo
687 1268 803 1333 quilibet
815 1283 875 1319 esse
884 1273 987 1334 potest.

610 1358 644 1397 14.
667 1352 859 1397 DsNauneio.

430 1422 531 1474 Sedere
541 1425 628 1490 primo
640 1425 739 1476 solitus
749 1426 777 1475 in
787 1425 874 1492 gradu
883 1440 1000 1492 semper,

429 1504 495 1549 tunc
505 1514 564 1549 cum
575 1499 671 1550 liceret
680 1514 824 1565 occupare,
834 1497 987 1565 Nanneius,

429 1572 473 1624 bis
484 1575 618 1624 excitatus
627 1579 723 1640 terque
731 1574 871 1624 transtulit
884 1580 987 1640 castra,

430 1654 458 1698 et
466 1648 538 1699 inter
546 1648 621 1714 ipsas
631 1664 717 1715 paene
726 1648 823 1699 tertius
836 1647 919 1699 sellas

430 1730 495 1789 pust
505 1724 653 1790 Gaiumque
665 1723 833 1790 Luciumque
843 1724 978 1776 consedit.

428 1797 510 1849 lllinc
520 1798 626 1850 cucullo
636 1800 772 1865 prospicit
782 1803 864 1864 caput
871 1803 971 1861 tectus,

431 1873 565 1939 oculoque
575 1874 655 1924 ludos
666 1879 772 1939 spectat
780 1873 907 1923 indecens
917 1888 984 1925 unc.

429 1947 466 1997 Et
475 1945 538 1998 hinc
547 1948 629 1999 miser
639 1948 760 1998 deiectus
770 1948 799 1998 in
808 1948 879 1999 viam
889 1950 1000 2013 transit,

430 2022 615 2087 subsellioque
626 2021 778 2073 semifultus
788 2028 918 2084 extremo,

430 2101 460 2146 et
467 2095 539 2146 male
549 2101 673 2162 receptus
683 2098 770 2148 altero
780 2110 859 2164 genu,
869 2096 957 2147 iactat

368 2211 371 2217 .
431 2171 517 2235 equiti
527 2170 628 2233 sedere,
639 2170 792 2237 Lectioque
802 2186 831 2222 se
840 2176 923 2222 stare.

531 2262 564 2301 15.
583 2257 623 2299 Ad
643 2258 720 2300 Caes.
741 2258 940 2300 Domitianum.

341 2326 456 2387 Quintus
467 2333 622 2379 nostrorum
632 2328 704 2378 liber
712 2332 762 2390 est,
772 2328 900 2393 Auguste,
909 2327 1047 2394 iocorum,
1060 2317 1064 2330 '

377 2407 405 2450 et
414 2402 536 2467 queritur
545 2402 635 2454 laesus
647 2403 766 2453 carmine
779 2416 859 2453 nemo
869 2415 946 2453 ment

339 2476 440 2542 gaudet
450 2474 585 2528 honorato
596 2478 644 2529 sed
654 2477 754 2528 multus
763 2476 873 2527 nomine
886 2475 984 2541 lector,
1068 2539 1070 2544 Ι

377 2551 421 2600 cui
431 2551 538 2601 victura
546 2567 607 2603 meo
618 2567 728 2603 munere
736 2550 811 2601 fama
824 2550 913 2601 datur.

341 2619 1117 2692 Quintamenhaecprosuntquamvisvenerauflandml

376 2697 403 2750 N
406 2715 441 2750 on
449 2700 571 2766 prosint:
587 2716 652 2752 sane
662 2716 705 2751 me
716 2706 808 2750 tamen
815 2698 871 2749 ista
880 2698 985 2752 iuvant.

604 2793 639 2834 lli.
664 2789 707 2834 Ad
723 2786 869 2832 lecturam.

293 2884 297 2892 .
309 2840 397 2896 Serr'u
409 2863 477 2902 cum
485 2854 613 2922 possim,
628 2852 709 2926 quod
719 2845 997 2905 delectamentum

339 2923 486 2993 scribere,
500 2936 536 2986 tu
550 2949 646 2989 causa
654 2949 701 3001 cs,
710 2931 808 2985 lector
820 2917 1017 2981 amicesuffis
