2750 3450
368 351 418 406 362
659 351 868 400 maurianis

664 477 699 515 84.
723 470 861 515 Manuale.

367 568 410 622 Ne
419 573 486 636 toga
494 566 625 618 barbatos
635 565 729 628 faciat,
739 567 782 617 vel
792 566 910 632 paenula
918 565 1016 628 libros,

405 640 473 694 haec
483 642 559 693 abies
569 638 670 692 chartis
680 647 806 706 tempora
814 641 899 708 ionga
911 639 996 691 dabit

591 766 624 805 85.
649 760 753 804 Lectus
772 763 937 817 pavoninus.

368 858 488 911 Nomina
499 857 546 908 dat
554 854 676 922 spondae
685 855 768 921 pictis
778 852 960 921 pulcherrima
969 854 1067 920 pennis

405 948 476 984 nuuc
485 931 596 982 lunonis
607 931 679 980 crist
694 931 743 981 sed
752 931 828 996 prius
836 930 923 997 Argus
934 933 1003 981 etat.

646 1055 681 1094 89.
702 1050 882 1106 Ephippium.

370 1146 499 1214 Stragula
507 1145 639 1197 succincti
648 1149 764 1197 venator
774 1159 849 1194 sume
858 1143 965 1195 veredis

406 1237 470 1273 narn
479 1220 550 1273 solet
560 1236 577 1270 a
585 1219 659 1271 uudo
669 1233 780 1287 surgere
789 1218 857 1270 dous
867 1233 947 1286 equo.

663 1327 698 1367 Si.
721 1322 861 1367 Stibadia.

368 1419 468 1486 Accipe
478 1419 572 1470 lunata
581 1417 710 1484 scriptum
721 1417 858 1469 testudine
867 1417 969 1484 sigruar

407 1499 470 1546 octo
481 1494 566 1560 capit:
580 1493 680 1556 veniat,
692 1493 816 1559 quisquis
827 1493 930 1544 anricus
940 1491 1004 1545 erit

633 1601 668 1640 88.
694 1596 895 1640 Gustatorium.

368 1692 524 1745 Femineam
534 1691 615 1744 nobis
625 1689 741 1743 cherson
750 1692 775 1743 si
785 1691 874 1744 credis
884 1692 984 1755 inesse,

406 1768 553 1835 deciperis:
568 1767 659 1835 pelagi
669 1767 904 1833 masculaprneda
913 1782 1016 1818 sumus.

628 1875 662 1915 89.
687 1872 782 1914 Mensa
801 1873 898 1914 citrea.

368 1965 468 2031 Accipe
478 1964 580 2028 felices,
590 1965 728 2017 Atlantica
736 1979 858 2028 munera,
868 1965 966 2016 silvas:

406 2055 489 2091 aurea
498 2042 545 2107 qui
556 2041 660 2091 dederit
670 2041 751 2101 dona,
761 2042 868 2091 minora
879 2040 965 2091 dabit.

621 2147 656 2188 99.
681 2145 777 2186 Mensa
796 2156 905 2188 acerne.

367 2236 430 2290 Nou
441 2254 500 2289 sum
511 2238 601 2303 crispa
612 2238 729 2305 quidem,
740 2253 791 2289 nec
801 2238 886 2289 silvae
897 2237 956 2289 iilia
964 2237 1094 2291 Maurae:

405 2312 453 2363 sed
463 2318 563 2364 norunt
571 2312 661 2363 lautas
672 2318 700 2363 et
708 2327 769 2363 urea
779 2313 854 2379 ligna
865 2312 960 2379 dapes.

610 2420 644 2460 91.
669 2418 777 2460 Dentes
795 2417 899 2460 eborei.

369 2508 491 2561 Grandia
499 2516 639 2563 torcorum
650 2517 762 2577 portant
771 2511 818 2578 qui
830 2526 956 2577 corpora,
968 2511 1090 2578 quaeris,

406 2599 439 2634 au
450 2584 571 2652 Libycas
582 2588 690 2652 possint
699 2587 860 2638 sustinuisse
870 2583 979 2637 trabesi

630 2694 664 2734 92.
689 2688 892 2746 Qnincupedsl.

367 2778 472 2831 Puncta
481 2784 554 2834 notis
563 2784 627 2847 ilex,
639 2789 666 2834 et
676 2789 757 2835 scrita
767 2785 878 2850 cuspide
888 2783 994 2850 clausu,

403 2868 485 2922 saepe
494 2858 655 2909 redemtoris
665 2858 781 2925 prodere
791 2858 865 2910 furta
874 2858 954 2911 solet.
