2750 3450
486 718 525 771 Μ.
553 716 652 772 vll..
681 713 951 768 MARTIALIS

323 841 1119 919 E'PIGRAMMATUM

591 992 848 1045 uranon.
963 985 965 988 ’

616 1138 819 1163 m

432 1272 645 1319 MARTIALIS
676 1270 845 1316 DEClANO
878 1271 949 1318 SUO
981 1271 1006 1318 S.

361 1375 441 1462 Quid
455 1399 549 1463 nobis,
567 1397 672 1466 inquis,
693 1413 753 1450 cnm
768 1395 903 1464 epistolal
921 1411 1054 1464 parumne
1066 1398 1117 1450 tibi

323 1469 883 1542 praestamus,silegimrucpigrammatal
902 1473 967 1538 quid
977 1470 1024 1525 bic
1032 1487 1118 1539 porro

323 1550 446 1600 dicturus
457 1564 498 1612 es,
518 1549 591 1615 qnod
601 1565 655 1600 non
665 1549 757 1615 poecis
767 1546 889 1599 versibus
901 1545 1008 1599 diceret
1026 1546 1117 1599 Video

324 1639 408 1690 quare
418 1623 545 1690 tragoedi
555 1623 699 1689 epistolam
711 1622 855 1688 accipiant,
866 1621 963 1687 quibus
972 1636 1024 1688 pro
1036 1637 1069 1675 ae
1078 1622 1118 1673 lo·

324 1700 435 1765 quinon
450 1699 523 1749 licet.
552 1697 758 1766 Epigrammata
772 1696 891 1748 Curione
906 1711 962 1748 non
975 1701 1072 1764 egent,
1091 1703 1118 1749 ct

323 1780 452 1824 contenta
461 1780 525 1825 sunt
535 1789 594 1837 uua,
604 1774 633 1824 id
644 1779 693 1836 eat,
703 1772 778 1824 mala
787 1771 889 1839 lingna.
914 1769 946 1822 ln
956 1786 1119 1839 quacumque

322 1850 424 1915 pagina
433 1850 520 1899 visum
532 1847 732 1914 est,epiutolam
742 1846 854 1897 iaciunt.
874 1844 940 1897 Noli
950 1847 1058 1913 ergo,si
1067 1847 1117 1898 tibi

322 1924 441 1985 videtur,
457 1938 513 1974 rem
524 1921 614 1973 iacere
623 1921 781 1984 ridiculam,
802 1925 829 1971 et
843 1926 936 1988 togam
952 1921 1068 1974 saltanti
1078 1922 1118 1972 in·

322 1998 420 2048 ducere
436 2011 578 2063 personae.
620 1994 747 2061 Denique
764 1994 879 2058 videris,
905 2010 938 2046 an
957 2001 985 2046 tc
1001 1995 1122 2048 delectet

324 2077 420 2122 contra
429 2071 570 2121 retiarium
586 2068 682 2121 ferula.
712 2068 772 2136 Ego
787 2069 937 2121 interillos
952 2070 1051 2135 uedeo,
1073 2072 1120 2137 qui

323 2146 447 2212 protinus
457 2143 615 2195 reclamant.
644 2144 716 2196 Puto
731 2159 774 2194 me
788 2140 909 2208 hercule,
922 2143 1060 2209 Deciane,
1075 2160 1119 2197 ve-

323 2236 381 2270 rum
393 2220 471 2269 dicis.
508 2217 592 2282 Quid,
608 2219 729 2282 sisciae,
750 2234 808 2269 cum
825 2233 878 2284 qua
897 2223 924 2269 et
938 2233 1019 2284 quarn
1033 2218 1120 2287 longa

323 2294 443 2359 epistola
451 2294 591 2359 negotium
604 2293 690 2344 fueris
699 2292 858 2344 habiturust
867 2292 1053 2359 ltaque,quod
1061 2293 1119 2345 exi·

322 2370 374 2435 gis,
385 2368 441 2417 fiat.
471 2366 617 2419 Debebunt
625 2369 685 2432 tibi,
696 2369 721 2419 ui
730 2368 777 2435 qui
786 2368 815 2418 in
825 2365 895 2417 hunc
905 2367 1003 2418 librum
1014 2367 1120 2421 incide·

323 2444 390 2504 rint,
407 2442 479 2508 quod
495 2442 530 2493 ad
544 2444 659 2509 primam
670 2443 798 2510 paginam
809 2457 864 2493 non
873 2441 941 2492 lassi
950 2443 1121 2508 pervenient.

570 2552 589 2590 1.
614 2547 654 2590 Aa
669 2546 772 2589 librum
787 2559 870 2589 auum.

325 2625 379 2673 Ter
390 2630 503 2675 centena
513 2624 621 2690 quidem
633 2629 743 2690 poteras
753 2622 950 2690 epigrammata
959 2621 1045 2675 ferre:

362 2697 410 2748 sed
421 2700 481 2764 quia
491 2706 517 2750 tc
528 2696 619 2760 ferret,
635 2697 847 2764 perlegeretquc,
858 2694 943 2747 liberi

324 2772 359 2822 At
368 2788 439 2823 urrnc
449 2773 580 2824 succincti
591 2786 660 2839 quac
670 2772 725 2822 sint
734 2773 808 2822 bona
818 2771 892 2821 disce
902 2771 999 2822 libelli.

359 2845 423 2898 Hoc
430 2849 549 2915 primum
561 2852 610 2912 eat,
620 2846 732 2898 brevior
742 2845 816 2913 quod
825 2843 893 2896 mihi
903 2844 999 2897 charta
1010 2849 1095 2913 perit.
