2750 3450
491 336 530 382 lN
552 336 727 382 PRIAPUM
746 338 876 386 Lusus.
1033 337 1082 389 397

377 475 446 527 quae
456 474 500 509 me
509 459 659 510 terribilem
670 459 738 511 facit
746 461 841 513 rideri.

375 533 515 585 Mandabc
526 534 638 603 dominc
648 540 740 585 tamen
750 536 846 598 salaci,

375 616 405 661 ut
415 625 464 676 pro
475 624 518 659 me
527 608 593 660 velit
602 610 735 660 irrumare
747 609 829 662 fures.

587 693 621 730 57.
643 691 775 743 Priapus.

378 748 480 800 Cornix
491 754 518 799 et
529 749 625 812 caries,
636 755 768 816 vetusque
776 750 894 812 bustum,

374 824 456 875 turba
467 829 494 874 ct
502 825 613 889 putrida
622 823 697 875 facta
706 825 869 886 seculorum,

376 915 446 966 quae
457 898 552 949 forsan
562 901 698 964 patuisset
709 914 768 949 esse
778 900 871 953 nutrix

376 972 499 1036 Tithoni,
511 973 675 1041 Priamique,
685 973 875 1040 Nestorisque,

374 1050 433 1100 illis
444 1049 472 1098 ni
481 1049 573 1115 pueris
585 1064 651 1100 auus
662 1049 772 1111 fuisset3

375 1141 409 1175 ue
420 1124 492 1174 desit
502 1123 565 1186 sibi,
575 1139 617 1174 me
628 1129 717 1190 rogat,
729 1123 842 1174 fututor.

377 1200 450 1260 Quid
462 1200 486 1249 si
495 1214 567 1249 nunc
577 1206 664 1265 reget,
675 1205 706 1249 ut
715 1199 808 1265 puella
818 1197 882 1249 fiatt

377 1273 421 1344 [Si
432 1289 556 1325 nummos
566 1280 658 1323 tamen
667 1273 737 1326 haec
746 1272 836 1336 habet,
846 1273 939 1340 puella
949 1274 1013 1341 est]

590 1358 622 1395 58
646 1355 712 1394 l'ria
739 1367 776 1395 ns.

322 1415 481 1481 Quicunque
492 1412 535 1464 fur
545 1412 674 1464 fefellerit
683 1369 764 1464 fidem
774 1420 895 1466 nostram

320 1489 479 1541 effeminato
490 1495 612 1539 marceat
622 1489 717 1554 procul
731 1489 801 1540 culo.

322 1566 452 1631 Quaeque
462 1563 530 1615 haec
540 1569 669 1629 proterva
679 1565 812 1629 carpserit
822 1579 903 1614 manu
912 1578 996 1630 poma

321 1641 425 1706 puella,
435 1655 490 1690 uon
501 1639 586 1689 ullum
596 1638 721 1751 invlemat
730 1637 887 1689 fututorem.

589 1713 622 1752 59.
667 1711 772 1765 riapus.

391 1771 564 1823 Praedictum
573 1771 625 1821 tibi
635 1785 669 1821 ne
680 1785 779 1837 negare
790 1770 894 1836 possis:

394 1848 418 1897 si
428 1845 472 1897 lur
482 1846 598 1909 veneris,
608 1846 763 1911 impudicus
773 1846 837 1896 ibis.
898 1885 900 1892 .

552 1929 586 1967 60.
607 1926 644 1967 Ad
666 1926 805 1979 Priapum.

279 1991 320 2053 Si,
334 1994 402 2056 quot
411 1985 496 2038 habes
506 2001 609 2049 versus,
622 1991 665 2037 tot
673 1984 789 2036 haberes
800 1999 890 2051 poma,
901 1983 1009 2051 Priape,

319 2080 395 2115 esses
406 2062 519 2127 antiquo
532 2062 616 2112 ditior
627 2061 752 2171 Alqinlcc.

609 2135 643 2173 61.
661 2134 702 2173 lla
721 2147 757 2173 irs.

368 2190 449 2251 Quid
458 2192 561 2243 frustra
571 2193 702 2259 quereris,
714 2192 821 2254 colone,
831 2206 945 2252 mecum,

374 2268 456 2332 quod,
468 2267 606 2334 quondam
615 2267 685 2318 bene
694 2266 837 2317 fructuosa
846 2266 943 2328 malus,

373 2344 509 2393 autumnis
519 2343 621 2394 sterilis
632 2343 739 2394 duobus
750 2340 871 2392 adstemi

361 2415 438 2481 ,Non
448 2433 492 2469 me
500 2423 673 2485 praegravat,
684 2424 715 2468 ut
723 2425 812 2484 putas,
824 2422 962 2468 senectus:

374 2508 424 2544 nec
433 2509 491 2545 sum
501 2493 633 2560 grandine
643 2493 787 2544 verberata
797 2493 877 2543 dura:

374 2583 424 2619 nec
433 2583 554 2636 gemmas
565 2568 648 2619 modo
659 2570 781 2635 germine
791 2571 920 2618 exeuntes

373 2644 428 2693 seri
437 2642 550 2711 frigoris
560 2643 693 2693 ustulavit
703 2658 782 2693 aura:

375 2733 426 2769 ncc
436 2718 520 2781 venti,
531 2718 683 2784 pluviaevq
694 2719 849 2780 siccumve,

374 2793 448 2858 quod
460 2793 493 2843 de
504 2808 533 2843 se
545 2808 679 2860 quererer,
690 2795 791 2844 malum
803 2793 943 2845 dederunt.

373 2866 437 2919 Nou
447 2874 556 2919 sturnus
566 2866 643 2932 mihi,
653 2869 815 2935 graculusve
825 2871 930 2935 raptor,
