2750 3450
313 341 359 392 158
599 338 812 386 nlsnrlnms

310 466 402 517 navita
414 465 509 516 derisit
523 461 641 515 Pharios
651 460 847 528 Memphiticus
858 461 971 528 hortos,

347 541 422 590 urbis
433 545 463 589 ut
472 540 585 589 intravit
595 539 692 589 limina
702 539 791 602 prima
800 545 876 588 tuae.

311 617 415 665 'lautus
426 615 498 664 veris
508 612 605 676 honos,
621 620 648 666 et
659 615 762 666 odorae
777 614 872 678 gratia
880 612 999 679 Florae,

346 695 477 755 tantaque
488 688 618 739 Paestani
632 688 724 756 gloria
733 688 805 737 ruris
816 692 887 738 erat.
947 710 955 725 =

312 764 358 816 Sic
368 779 527 831 quacunque
537 779 622 830 vagus
632 777 809 831 gressumque
822 763 981 830 oculosque
995 763 1088 816 ferebat

347 840 493 889 tonsilibus
505 839 584 888 sertis
597 854 675 888 omne
685 836 802 888 rubebat
811 837 874 887 iter.

222 905 226 910 ’
311 916 345 964 At
354 920 384 965 tu
394 913 534 964 Romanae
543 914 634 963 iussus
644 914 700 962 iam
713 911 808 961 cedere
821 911 951 975 brumae,

347 991 425 1040 mitte
434 994 496 1039 tuns
506 1003 622 1049 messes3
638 989 741 1052 accipe,
752 985 825 1048 Nile,
836 1002 930 1038 rosas.

550 1097 583 1134 81.
607 1091 639 1132 In
660 1091 866 1132 Charidemum.

310 1172 400 1222 Iratus
410 1175 539 1235 tanquam
551 1168 664 1234 populo,
675 1166 848 1230 Charideme,
864 1167 989 1221 lavaris:

347 1246 460 1312 inguina
471 1246 511 1294 sic
525 1248 585 1293 toto
597 1243 702 1293 subluis
712 1244 741 1293 iu
754 1242 837 1293 solio.

311 1320 369 1371 Nec
380 1325 461 1386 caput
471 1318 516 1370 hic
526 1317 622 1368 vellem
634 1319 675 1369 sic
684 1323 720 1380 tc,
732 1314 906 1381 Charideme,
922 1318 1034 1383 lavar03

349 1402 376 1445 et
386 1399 475 1459 eaput,
487 1409 558 1454 ecee,
569 1393 659 1443 lavas:
676 1393 790 1459 inguina
800 1392 875 1442 malo
887 1392 978 1445 laves.

595 1501 630 1538 82.
655 1497 696 1537 :ld
714 1495 825 1538 Rufum.
866 1535 869 1542 ,

403 1593 520 1652 Quidam
532 1607 573 1642 me
584 1591 676 1653 modo,
691 1588 773 1652 Rufe,
789 1589 940 1656 diligenter

401 1669 562 1734 inspectum,
578 1666 652 1716 velut
663 1673 751 1716 emtor
766 1671 813 1714 aut
823 1664 938 1730 lanista,

403 1760 463 1794 cum
478 1744 553 1793 vultu
570 1743 711 1809 digitoque
723 1742 910 1806 subnotasset,

401 1824 466 1869 tune
476 1834 513 1881 es,
523 1824 596 1880 uine,
612 1818 663 1879 ait,
678 1817 725 1867 ille
735 1815 885 1878 Martialis,

404 1895 480 1944 cuius
494 1894 630 1960 nequitias
646 1893 778 1958 iocosque
789 1891 875 1952 novit,

402 1984 495 2018 aurem
506 1970 552 2034 qui
567 1968 649 2019 modo
661 1984 716 2017 non
727 1964 810 2015 habet
818 1965 977 2017 Batauam!

403 2042 508 2093 Subrisi
520 2043 641 2093 modice:
656 2042 763 2107 levique
774 2046 841 2090 nutu

402 2134 453 2180 me,
466 2133 543 2183 quem
555 2118 662 2167 dixerat
672 2132 740 2178 esse,
751 2132 806 2165 non
815 2116 926 2182 negavi.

403 2192 457 2242 Cur
467 2208 541 2259 ergo,
552 2193 650 2258 inquit,
665 2189 749 2240 babes
760 2190 847 2239 nralas
859 2191 1007 2244 lacernas!

402 2267 554 2334 Respondi:
567 2269 632 2333 quia
642 2282 701 2316 sum
712 2265 799 2316 malus
809 2271 903 2331 pocta.

402 2342 466 2393 Hoc
476 2358 509 2391 ne
520 2344 628 2407 saepius
644 2342 753 2391 accidat
767 2345 875 2405 poetae,

402 2419 504 2479 mittas,
516 2416 597 2479 llule,
614 2414 681 2467 mihi
692 2417 779 2466 bonas
789 2415 927 2466 lacernas.

468 2544 502 2582 83.
526 2538 566 2579 Ad
586 2537 735 2580 Caesarem
755 2537 960 2580 Domitianum.

312 2634 449 2696 Quantum
460 2634 582 2685 sollicito
594 2632 706 2682 fortuna
720 2631 841 2697 parentis
852 2630 988 2698 Etrusco,

268 2717 272 2726 “
348 2715 461 2771 tantum,
473 2724 575 2759 summe
586 2708 698 2769 ducum,
714 2707 794 2756 debet
804 2711 921 2772 uterque
930 2708 997 2761 tibi.

304 2784 378 2838 Nam
391 2792 420 2837 tu
431 2786 521 2839 missa
530 2791 580 2838 tua
588 2783 731 2836 revocasti
739 2781 858 2831 lulmina
865 2781 977 2836 dextra.

334 2864 402 2919 llos
415 2881 554 2936 cuperem
563 2878 660 2918 mores
671 2857 789 2927 igmbm
799 2852 957 2903 anselm·
