2750 3450
432 364 746 412 sciendumque
777 364 844 410 ΜΒ.
878 363 907 410 X.
1021 363 1071 411 271

562 486 600 527 ⁸6.
623 484 664 527 D·
683 483 777 527 Erote.

278 563 374 614 Plorat
383 560 463 625 Eros,
473 561 581 628 quoties
591 558 749 611 maculosae
759 558 859 625 poeula
872 557 998 625 myrrhae

314 637 435 703 inspicit,
446 642 493 687 aut
502 650 611 702 pueros,
621 635 775 684 nobiliusve
786 635 895 685 citrum:

278 718 306 762 et
315 712 431 778 gemitus
440 711 496 760 imo
508 710 583 761 ducit
593 709 626 760 de
636 714 756 775 pectore,
770 709 843 776 quod
854 724 909 761 non

315 792 376 836 tota
385 786 467 835 miser
479 788 586 836 coimat
595 788 681 849 septu,
691 781 814 851 feratque
824 783 943 834 domum.

281 860 367 922 Quam
378 860 456 910 mudti
467 858 580 921 lacirmt,
592 858 664 924 qnod
675 857 754 920 Eros,
765 857 813 908 sed
822 858 923 908 lumine
934 855 1024 909 sicco!

315 934 383 986 Pars
395 935 485 985 maior
494 933 622 984 lacrimas
632 932 713 995 ridet,
725 938 752 982 et
761 933 833 982 intus
844 931 935 983 habet.

543 1041 576 1080 st.
601 1037 641 1079 De
660 1035 806 1088 Phyllide.

280 1117 346 1167 Cum
357 1116 412 1168 duo
422 1115 559 1166 venissent
569 1114 603 1164 ad
613 1112 744 1180 Phyllida
752 1129 831 1165 mnne
841 1112 968 1171 fututum,

316 1197 344 1241 et
352 1190 452 1240 nudam
465 1195 574 1256 cuperet
583 1204 688 1239 sumere
698 1193 811 1255 uterque
821 1191 909 1255 prior:

278 1265 405 1332 promisit
415 1266 518 1331 pariter
527 1279 556 1314 se
566 1262 672 1330 Phyllis
682 1263 790 1330 utrique
801 1263 935 1324 daturam,

316 1345 343 1389 et
353 1338 441 1390 deditz
456 1338 503 1389 ille
514 1339 609 1404 pedem
619 1338 738 1401 sustulit,
748 1336 794 1388 hie
802 1339 928 1389 tunicam.

557 1437 590 1476 82.
614 1432 654 1474 ‚ld
673 1431 792 1475 Gallum.

281 1511 311 1564 Si
321 1511 387 1578 quid
397 1516 492 1561 nostra
501 1510 556 1561 tuis
568 1510 653 1560 adicit
663 1509 772 1560 vexatio
783 1510 872 1572 rebus,

317 1600 405 1648 mane,
416 1584 459 1635 vel
470 1600 486 1634 a
495 1584 586 1635 media
595 1589 676 1635 necte
686 1589 797 1650 togatus
807 1599 867 1635 ero:

280 1660 479 1726 stridentesque
488 1657 574 1710 feram
585 1657 666 1709 ssahis
675 1657 820 1725 Aquilonis
830 1659 927 1725 iniqui,

317 1742 345 1788 et
354 1737 444 1802 patiar
453 1735 569 1797 nimbos,
580 1734 768 1799 excipiamque
777 1734 862 1784 nives.

279 1809 334 1862 Sed
345 1811 370 1861 si
379 1824 434 1861 non
445 1809 495 1861 lias
506 1808 656 1876 quadrante
666 1807 777 1858 beatior
785 1823 840 1858 uno

317 1900 366 1952 per
375 1885 491 1951 gemitus
500 1889 610 1935 nosnos
619 1884 805 1949 ingenuasque
816 1897 923 1942 eruces3

279 1975 362 2027 parce
372 1973 469 2024 precor
478 1958 563 2021 lasso,
573 1973 713 2025 vanosque
724 1958 831 2007 remitte
840 1957 961 2019 labores,

318 2035 365 2101 qui
373 2033 426 2084 tibi
435 2048 490 2083 non
501 2037 623 2099 prosunt,
633 2030 745 2094 etmihi,
757 2030 846 2093 Galle,
856 2037 961 2083 nocent.

545 2128 579 2168 83.
603 2126 645 2168 Ad
662 2126 805 2169 Marinum.

373 2200 462 2253 uaros
473 2202 581 2269 colligis
592 2201 656 2254 hinc
665 2208 693 2254 et
702 2201 765 2254 hine
774 2201 900 2267 capillos,

374 2276 496 2342 eglatum
505 2278 617 2340 nitidae,
628 2277 745 2339 Marino,
756 2277 850 2328 calvae

373 2366 498 2417 campum
508 2353 676 2419 temporibus
685 2352 757 2417 tegis
767 2351 896 2402 comatis:

373 2425 422 2477 sed
430 2426 500 2478 moti
509 2426 622 2477 redeunt
630 2427 740 2477 iubente
750 2430 840 2487 vento,

373 2500 575 2567 reddunturque
586 2500 649 2563 sibi,
660 2505 793 2566 caputque
804 2499 904 2550 nudum

374 2576 453 2626 cirris
463 2576 611 2642 grandibus
621 2572 684 2626 hinc
694 2580 722 2624 et
730 2574 794 2624 inde
804 2574 923 2640 cingunt.

374 2648 447 2700 luter
457 2647 682 2716 Spendophorum
695 2646 946 2715 Telesphorumque

375 2722 468 2790 Cydae
479 2730 552 2775 stare
562 2724 671 2790 putabis
681 2723 870 2774 Hermerotem

373 2796 423 2850 Vis
433 2802 464 2849 tu
474 2799 625 2865 simplicius
634 2813 726 2850 senem
735 2795 833 2849 fetent

374 2872 411 2923 llt
418 2873 529 2925 tandem
539 2874 658 2927 videaris
666 2889 738 2928 uuus
746 2887 816 2936 esse,
