2750 3450
323 385 354 434 32
614 387 822 433 Munrlnms
924 392 926 397 '

613 508 647 548 86.
672 506 712 547 De
728 505 824 547 iinio.

321 581 460 632 Venderet
469 581 592 633 exeidtou
605 581 691 633 colles
702 597 761 632 euru
773 596 872 646 praeco
883 579 1003 644 faeetuu,

362 665 442 722 etque
452 657 600 707 suburbani
610 656 706 723 iugera
714 653 828 721 pulchra
836 655 903 705 soli:

321 737 406 792 errat,
417 730 464 792 ait,
476 731 572 797 siquis
581 729 672 781 Mario
682 736 762 796 putat
774 745 833 780 esse
842 744 955 781 neeesse

362 805 489 856 venderet
499 806 539 856 nil
549 805 642 867 debet;
650 803 777 857 foenerat
785 805 869 854 immo
879 803 979 870 megia.

225 908 239 951 2¹(
322 879 403 939 Quae
414 880 485 930 ratio
496 885 538 931 est
546 877 647 947 igituri
666 877 767 931 Seruus
777 878 825 929 ubi
835 878 959 944 perdidit
969 872 1077 945 ornn‘eu,

231 970 237 981 ¹
268 946 281 1007 .’
360 961 391 1004 et
400 969 481 1019 pecus
493 961 519 1004 et
528 953 639 1017 fructus,
650 969 706 1005 uun
716 959 791 1004 amat
799 952 863 1005 inde
871 952 973 1003 lucum.

323 1027 391 1089 Quis
402 1027 506 1079 faceret
514 1029 639 1094 pretium,
649 1028 705 1078 nisi
714 1028 762 1093 qui
771 1042 821 1077 sue
834 1025 947 1093 perdere
962 1028 1050 1080 vellet

362 1101 472 1153 omniui
491 1101 538 1153 Sic
547 1101 638 1153 Mario
649 1101 748 1152 noxius
758 1098 852 1152 haeret
862 1115 935 1168 eger.

515 1221 549 1262 8¹1.
568 1219 608 1261 De
623 1217 713 1262 Novio
729 1219 927 1274 mierupnycho.

379 1294 492 1346 Vicinus
501 1310 576 1345 meus
587 1300 636 1358 est,
647 1309 782 1362 manuque
790 1295 868 1363 tangi

381 1371 414 1422 de
424 1371 525 1422 nostris
535 1368 640 1421 Novius
650 1375 741 1435 potest
749 1369 884 1425 fenestris.

382 1444 449 1505 Quis
459 1460 514 1495 non
523 1444 646 1495 invideat
654 1443 730 1506 mihi,
740 1450 868 1511 putetque

380 1516 456 1569 horis
467 1518 591 1570 omnibus
601 1533 660 1570 esee
669 1535 714 1570 me
722 1519 840 1583 beatum,

380 1591 804 1645 iunetoeuilieeutfruiuudulei

381 1669 449 1718 Tam
460 1668 542 1737 longe
552 1674 593 1720 ert
602 1667 677 1733 mihi,
688 1683 770 1736 quum
780 1668 971 1733 Terentianus,

382 1745 428 1810 qui
437 1760 508 1796 nune
518 1743 654 1797 Niliacam
663 1745 735 1812 regit
747 1742 864 1811 Syenen.

381 1818 405 1869 N
408 1835 442 1870 un
454 1820 606 1883 convivere,
617 1836 667 1871 nee
676 1820 770 1871 videre
779 1819 885 1881 saltem,

381 1908 437 1945 uon
448 1895 542 1946 audire
552 1894 629 1947 licet:
649 1894 846 1946 neturbetote

383 1970 524 2036 quisquam
534 1974 576 2020 est
583 1975 639 2020 tum
649 1984 744 2035 prope,
752 1974 809 2018 tam
819 1967 970 2034 premique
979 1970 1072 2021 uehis.

381 2042 553 2110 Migrandum
565 2048 607 2093 est
615 2041 681 2093 mihi
691 2042 809 2109 longius,
819 2042 863 2092 vel
872 2041 924 2092 iiii.

374 2117 496 2169 'Vicinus
506 2116 597 2168 Novio
607 2117 651 2167 vel
660 2116 810 2183 inquilinus

384 2194 428 2255 sit,
439 2192 463 2242 si
473 2192 534 2258 quis
543 2189 661 2242 Novium
672 2191 766 2241 videre
775 2206 830 2242 uun
840 2189 907 2242 vult.

573 2305 607 2345 88,
628 2301 669 2344 Ad
682 2301 875 2349 Fereeuniem.

331 2380 353 2430 Ν
357 2395 370 2430 e
380 2379 471 2445 gravis
481 2375 608 2430 hesterno
618 2376 733 2445 fragres,
742 2377 902 2441 Fescennia,
911 2378 987 2442 vino,

367 2453 492 2518 pastillus
503 2452 596 2504 Cosmi
606 2453 749 2505 luxuriosa
759 2468 849 2505 voras.

330 2528 387 2578 ista
396 2528 484 2577 linunt
494 2529 587 2579 dentes
596 2527 748 2579 ientacula:
768 2528 817 2579 sed
830 2525 900 2578 nihii
910 2526 1012 2590 obstet,

368 2609 487 2654 extremo
497 2607 589 2654 ructus
601 2618 660 2655 erun
670 2600 921 2655 venitubureihru.
965 2618 967 2626 ·

332 2677 402 2739 Quid
415 2677 488 2742 quod
499 2676 555 2728 olet
563 2679 673 2745 gravius
683 2678 797 2730 mixtum
808 2678 978 2743 diapasmate
986 2677 1073 2741 virne,

368 2759 449 2816 atque
459 2752 560 2818 duplex
570 2754 677 2806 animae
687 2752 797 2819 lougius
807 2752 864 2803 exit
873 2748 959 2803 odori

330 2825 418 2876 Notas
428 2841 492 2893 ergo
503 2827 584 2879 nimis
593 2826 714 2890 fraudes,
724 2827 910 2893 deprensaque
919 2824 995 2878 ium

366 2901 422 2951 iam
431 2901 524 2966 tollas,
534 2907 562 2954 et
570 2902 609 2955 eiu
619 2902 697 2955 ebrie
706 2901 875 2970 simpliciter.
