2750 3450
308 372 357 424 832
595 370 809 419 Mssrlsurs

398 499 428 550 iu
437 494 549 548 thermis
559 496 651 548 subito
660 494 827 547 Neronianis

399 572 470 625 vidit
479 587 508 623 se
517 571 609 636 miser,
620 576 747 647 ettaeere
758 568 859 651 eoepit

557 680 591 720 85.
614 675 655 718 ss
674 674 853 729 Polytimus.

308 754 467 816 Nolueram,
478 752 624 819 Polytime,
634 760 698 804 tuos
707 752 813 803 violare
827 750 960 818 capillos:

346 829 394 881 sed
404 830 482 879 iuvat
491 825 544 878 hoc
553 829 678 894 precibus
688 843 732 878 me
740 826 870 878 tribuisse
880 827 946 877 tuis.
986 828 993 849 ·'

309 905 388 955 Talis
399 918 460 954 eras
469 902 553 953 modu
564 907 643 954 tonse
653 900 763 968 Pelops,
773 901 928 967 positisque
939 900 1048 952 nitebas

347 980 476 1041 crinibus,
486 981 517 1027 ut
525 983 613 1028 totum
623 992 727 1044 sponsa
737 975 842 1028 videret
852 975 928 1027 ebur.

574 1085 609 1125 86.
632 1081 664 1124 In
682 1078 840 1124 Fabullum.

400 1159 603 1211 Paedieonibus
619 1175 651 1210 os
662 1158 736 1209 olere
746 1158 825 1209 dicis.

401 1235 464 1286 Hoc
475 1236 508 1297 si,
520 1235 591 1285 sieut
601 1235 652 1297 ais,
662 1232 787 1296 Fabulle,
797 1247 890 1302 verum
901 1239 953 1295 est,

402 1310 467 1378 qnid
477 1313 508 1359 tu
519 1309 607 1360 eredis
618 1308 693 1360 olere
703 1305 886 1374 sunnilingisi

524 1417 558 1456 81.
582 1412 613 1454 lu
632 1427 684 1455 non
704 1413 883 1465 aurigantem.

311 1492 438 1560 Triginta
446 1490 499 1541 tibi
509 1495 572 1541 sunt
581 1491 668 1557 pueri,
679 1490 848 1557 totidemque
859 1489 984 1556 puellaes

346 1582 402 1619 una
412 1571 461 1629 est,
471 1580 521 1616 nee
532 1566 620 1632 surgit
628 1564 758 1616 mentula.
789 1563 862 1625 Quid
876 1563 982 1617 faciest

510 1664 513 1669 ’
601 1674 636 1713 88.
661 1670 701 1713 Ι).
721 1668 813 1712 Gutta.

364 1750 414 1802 Bis
425 1749 507 1801 Cotta
517 1749 609 1801 soleas
618 1748 772 1815 perdidisse
782 1764 812 1800 se
823 1753 945 1815 questus,

365 1826 427 1879 dum
441 1824 622 1892 negligentem
634 1822 711 1874 ducit
720 1823 755 1875 ad
765 1823 848 1890 pedes
858 1838 982 1887 vernam,

365 1902 413 1969 qui
422 1900 498 1952 sulus
508 1900 585 1965 inopi
595 1903 726 1965 praestat,
737 1903 764 1949 et
774 1898 843 1949 iacit
852 1897 976 1949 turbam:

345 1987 347 1991 “
365 1974 533 2041 excogitavit
541 1972 624 2025 homo
635 1988 731 2041 sagax,
742 1979 769 2025 et
779 1978 894 2036 astutus,

364 2066 398 2101 ue
408 2049 499 2101 iacere
509 2054 604 2115 posset
612 2048 668 2099 tale
681 2049 791 2115 saepius
801 2048 945 2109 damnum3

365 2123 538 2177 excalceatus
546 2124 587 2174 ire
600 2123 693 2190 eoepit
703 2123 738 2174 ad
750 2138 872 2175 coenam.

558 2232 591 2271 89.
616 2229 655 2271 De
678 2227 861 2281 Tongiliano.

312 2307 495 2376 Tongilianus
505 2304 588 2357 habet
597 2321 708 2357 nasum:
719 2306 788 2370 seio,
798 2322 853 2357 non
863 2320 948 2374 nego:
959 2306 1075 2359 sedium

348 2385 396 2448 nil,
407 2387 515 2450 praeter
524 2397 629 2445 nasum,
642 2381 825 2450 Tongilianus
834 2380 925 2432 habet.

571 2489 606 2531 90.
627 2484 670 2529 Ati
690 2485 848 2529 Charinum.

423 2563 504 2625 Quod
514 2564 579 2615 lana
589 2570 671 2630 eaput
681 2564 788 2631 alligas,
801 2560 927 2626 Charine,

421 2654 476 2691 non
488 2654 568 2690 aures
578 2640 638 2703 tibi,
649 2640 697 2691 sed
708 2639 803 2689 dolent
813 2637 916 2704 capilli.

591 2747 625 2788 iil.
650 2744 829 2786 nesterone.

313 2821 367 2873 Pro
378 2836 451 2883 sene,
462 2820 510 2872 sed
521 2821 603 2884 clare,
614 2817 709 2871 votum'
720 2819 801 2871 Maro
811 2817 878 2871 fecit
887 2818 989 2885 amieo,

351 2896 393 2948 eui
402 2896 497 2965 gravis
508 2901 535 2948 et
544 2895 650 2948 fervens
660 2892 848 2947 hemitritaeus
860 2899 931 2946 erat:
