2750 3450
444 362 759 423 sercunmmsruu
783 365 852 413 cru.
875 364 906 413 v.
1022 359 1073 429 ut

397 485 432 525 42.
456 459 562 527 Amicis
580 484 651 540 quod
671 484 765 535 datur,
783 498 836 527 nou
855 484 958 539 perire.

283 557 405 611 Callidus
415 557 531 611 effracta
539 575 664 611 nummos
672 558 718 611 fur
727 559 831 613 auferet
841 575 918 611 arcae

318 638 472 700 prosternet
481 635 587 701 patrios
596 634 682 700 impia
696 633 805 685 flamma
815 633 909 686 Lares.

281 706 399 759 Debitor
406 723 515 759 usuram
526 709 629 775 pariter
638 714 793 775 sortemque
802 709 926 775 negabit=

318 797 374 833 non
383 782 479 834 reddet
487 783 590 834 sterilis
600 783 706 833 semina
714 783 788 833 iacta
798 798 884 850 seges.

282 856 508 922 Dispensatorem
517 854 605 907 fallax
614 856 748 923 spoliabit
759 856 860 907 amica:

318 931 455 982 mercibus
463 936 615 983 exstructas
627 930 724 982 obruet
732 931 806 981 unda
814 936 896 981 rates.

281 1005 368 1056 Extra
376 1004 514 1056 inmunem
523 1011 574 1069 est,
585 1005 719 1072 quidquid
728 1005 846 1056 donatur
855 1005 964 1057 amicis:

318 1095 387 1146 quas
397 1079 513 1143 dederis,
523 1080 598 1131 solas
608 1078 836 1146 semperhabebis
850 1094 926 1145 opos.

467 1188 502 1227 tt.
526 1184 565 1226 Do
584 1184 694 1227 Thaida
713 1187 741 1225 st
760 1182 881 1225 Lucanis

280 1259 368 1312 Thais
377 1259 460 1312 habet
467 1261 571 1328 nigros,
580 1260 676 1312 niveos
685 1258 816 1324 Lecania,
827 1260 929 1312 dentes.

248 1394 250 1399 ,
318 1335 396 1397 Quae
406 1335 479 1388 ratio
490 1333 547 1386 esti
566 1341 653 1386 emtos
662 1333 731 1386 haec
740 1333 831 1398 habet,
844 1334 896 1385 illa
905 1350 981 1387 suos.

541 1425 575 1464 44.
599 1421 630 1464 ln
652 1423 813 1465 Dentonem.
865 1426 870 1440 ⁸

335 1498 409 1560 Quid
418 1497 520 1550 factum
531 1492 580 1560 est,'
589 1513 668 1565 rogo,
683 1498 749 1565 quid
758 1504 868 1565 repente
877 1497 991 1562 factum,

335 1573 371 1624 ad
382 1588 495 1624 coenam
505 1570 581 1635 mibi,
590 1571 692 1636 Dento,
703 1573 776 1639 quod
786 1573 897 1624 vocanti

335 1648 410 1714 (quis
421 1645 540 1710 credati)
559 1651 654 1714 quater
664 1662 746 1698 ausus
756 1662 785 1698 es
794 1646 910 1714 negaret

336 1720 391 1775 Sed
400 1738 451 1773 nec
459 1721 583 1789 respicis,
593 1728 621 1773 ct
629 1720 702 1789 fugis
712 1728 881 1789 sequentem

335 1812 415 1864 quem
425 1795 538 1847 ther-rme
547 1796 630 1847 modo
642 1810 781 1863 quaerere,
791 1801 818 1846 et
828 1794 955 1861 theatris,

335 1878 363 1924 et
373 1871 548 1923 conclavibus
559 1871 684 1922 omnibus
698 1870 817 1921 solebas.

335 1945 383 1998 Sic
392 1952 445 1997 est:
461 1951 556 2013 captus
566 1945 727 1997 csunctiore
737 1959 832 2007 coena,

335 2026 364 2073 et
374 2020 463 2072 maior
472 2020 565 2087 rapuit
575 2035 667 2071 canem
679 2019 770 2069 culina

333 2096 391 2147 iam
400 2100 441 2146 te:
457 2095 506 2146 sed
516 2095 571 2145 cito
583 2095 721 2161 cognitum
731 2094 892 2145 etrelictum

336 2185 396 2221 cum
407 2169 557 2221 fastidierit
565 2170 669 2235 popina
677 2168 762 2231 dives,

335 2245 464 2312 autiquae
475 2244 567 2295 venies
578 2244 613 2293 od
624 2258 688 2294 ossa
698 2258 809 2295 coenae.

562 2334 596 2373 45.
619 2329 651 2372 Iu
669 2330 791 2395 Bc'ssam.

277 2408 362 2461 Dicis
370 2405 530 2469 formosam,
541 2406 610 2457 dicis
619 2412 655 2470 te,
666 2406 764 2469 Bassa,
774 2407 903 2472 puellam.

316 2481 393 2534 istud
403 2481 477 2548 quod
486 2497 541 2532 non
551 2487 600 2544 est,
611 2481 702 2532 dicere
711 2481 800 2532 Bassa
813 2483 892 2533 solet.

512 2570 547 2611 46.
571 2568 610 2610 Ad
634 2569 842 2611 Diadumenum.

277 2644 365 2697 Basia
374 2644 438 2696 dum
447 2644 524 2708 uolo,
533 2645 587 2696 nisi
597 2660 667 2712 quae
678 2646 812 2696 luctantia
821 2645 921 2710 carpsi,

316 2724 344 2771 ct
354 2719 445 2786 piacet
453 2719 497 2770 ira
506 2717 574 2769 mihi
582 2720 643 2786 plus
653 2726 710 2783 tua,
720 2734 802 2787 quam
811 2718 911 2770 facies:

278 2799 310 2847 ut
318 2799 345 2845 te
354 2808 438 2860 saepo
444 2807 548 2862 rogem,
560 2794 658 2864 caedo,
671 2795 863 2862 Diadumene,
870 2807 975 2862 saepta

306 2882 462 2935 consequor
470 2867 534 2938 boc,
546 2878 579 2928 ut
588 2890 634 2929 mc
644 2892 700 2933 nec
709 2877 831 2946 timeas,
841 2883 1007 2930 becomes·
