2750 3450
315 328 349 378 84
484 334 498 365 ⁸
605 323 822 372 Mnaulnuls

317 451 498 503 Castrandum
509 453 591 516 caput
601 454 654 500 est:
670 464 735 500 narn
746 449 784 499 sis
793 447 860 498 licet
869 446 991 513 inguine
1009 446 1116 514 Gallus,

354 542 434 578 sacra
444 532 535 576 tamen
546 525 662 592 Cybeles
673 524 791 590 decipis:
807 537 853 573 ore
867 522 911 573 vir
921 537 964 573 es.

602 666 636 704 82.
659 661 692 703 Iu
712 659 830 703 Zoilum.

374 756 496 807 Conviva
507 757 630 822 quisquis
641 756 712 806 Zoili
723 759 893 821 potestesse,

373 833 594 883 summoeniauas
604 837 702 883 coenet
710 832 782 880 inter
790 844 902 892 imeres,

374 912 504 973 cu1taque
515 905 608 958 Ledae
619 907 728 957 sobrius
738 906 816 956 bibat
824 909 911 955 testa:

372 981 427 1034 hoc
437 997 497 1033 esse
507 983 603 1045 levius,
614 982 763 1048 puriusque
773 980 919 1032 contendo.

371 1057 447 1108 lacet
458 1062 593 1123 occupato
604 1057 761 1123 galbinatus
771 1057 800 1105 in
809 1055 897 1106 lectos

374 1133 527 1198 cubitisque
536 1133 624 1182 trudit
633 1130 697 1182 hinc
706 1137 734 1182 et
742 1131 806 1181 inde
817 1131 962 1195 convivas,

373 1207 484 1260 effultus
496 1212 580 1269 ostro,
592 1207 742 1273 sericisque
753 1205 883 1272 pulvinis.

374 1282 435 1335 Stat
447 1281 579 1345 exoletus,
590 1283 764 1349 suggeritque
774 1281 894 1332 ructanti

373 1358 470 1425 pinnas
480 1357 616 1420 rubentes,
628 1357 808 1423 cuspidesque
818 1355 943 1419 lentisci3

374 1438 401 1483 et
413 1433 550 1482 aestuanti
560 1436 640 1483 tenue
650 1432 766 1482 ventilat
775 1431 862 1497 frigus

373 1509 472 1574 supina
481 1507 593 1573 prasino
605 1507 759 1558 concubina
769 1505 894 1570 flabello;

373 1583 505 1650 fugatque
514 1598 623 1634 muscas
633 1587 741 1649 myrtea
752 1597 819 1648 puer
828 1581 915 1648 virga.

372 1657 512 1709 Percurrit
523 1658 590 1726 agili
601 1673 701 1726 corpus
712 1663 770 1708 arte
779 1658 935 1721 tractatrix,

373 1749 537 1801 manumque
549 1734 659 1786 doctam
668 1734 775 1801 spargit
785 1733 911 1785 omuibus
921 1736 1073 1789 membris=

374 1811 455 1878 digiti
467 1812 603 1876 crepantis
614 1812 694 1878 sigua
704 1810 782 1860 novit
791 1807 940 1873 eunuchus,

373 1892 400 1937 et
410 1885 546 1937 delicatae
556 1886 705 1937 suscitator
715 1884 810 1935 urinae

374 1962 480 2012 domiui
489 1961 609 2011 bibentis
619 1961 723 2011 ebrium
734 1960 806 2027 regit
814 1973 921 2026 penem.

373 2037 408 2085 At
416 2038 476 2102 ipsc
486 2042 559 2086 retro
571 2034 657 2085 flexus
669 2034 704 2084 ad
714 2034 814 2101 pedum
824 2035 943 2097 turbam,

372 2112 445 2161 inter
455 2110 569 2160 catellas
581 2125 706 2161 anserum
717 2116 782 2173 exta
790 2110 943 2161 lambentes

372 2186 491 2251 partitur
501 2185 560 2251 apri
570 2184 716 2252 glandula·
726 2186 904 2252 palaestritis,

375 2266 403 2310 et
413 2260 567 2310 concubino
577 2265 712 2311 turturum
721 2266 800 2312 nates
815 2261 914 2312 donat:

374 2334 561 2401 Ligurumque
570 2336 652 2387 uobis
663 2351 732 2387 saxa
742 2352 803 2388 curn
812 2337 1013 2402 ministrentur,

374 2411 418 2461 vcl
429 2416 509 2461 cocta
518 2410 601 2461 fumis
611 2417 702 2463 musta
711 2411 909 2463 Massilitanis:

375 2486 549 2552 Opimianum
559 2488 732 2539 morionibus
741 2494 836 2539 nectar

377 2561 601 2629 crystallinisque
611 2561 815 2630 myrrhiuisque
826 2564 966 2629 propinat

374 2636 410 2686 Et
420 2636 575 2689 Cosmianis
586 2640 645 2705 ipse
656 2637 734 2689 fusus
746 2638 882 2703 ampullis,

374 2728 430 2762 non
441 2713 579 2763 erubescit
588 2715 692 2765 murice
702 2728 786 2764 aureo
800 2712 882 2764 uobis

368 2788 495 2841 dividere
505 2788 641 2843 moechae
651 2789 785 2859 pauperis
795 2786 939 2851 capillata.

356 2862 506 2933 Septunce
518 2868 613 2923 multo
626 2867 732 2923 deiude
740 2862 875 2935 perditus
882 2858 992 2907 stertit.
