<?xml version="1.0" encoding="UTF-8"?>
<!DOCTYPE html PUBLIC "-//W3C//DTD XHTML 1.0 Transitional//EN"
    "http://www.w3.org/TR/xhtml1/DTD/xhtml1-transitional.dtd">
<html xmlns="http://www.w3.org/1999/xhtml" xml:lang="en" lang="en">
 <head>
  <title>
</title>
<meta http-equiv="Content-Type" content="text/html;charset=utf-8" />
  <meta name='ocr-system' content='tesseract 3.04.00' />
  <meta name='ocr-capabilities' content='ocr_page ocr_carea ocr_par ocr_line ocrx_word'/>
</head>
<body>
  <div class='ocr_page' id='page_1' title='image "./mvaleriimartial03martgoog_0305.png"; bbox 0 0 2750 3450; ppageno 0'>
   <div class='ocr_carea' id='block_1_1' title="bbox 327 318 929 413">
    <p class='ocr_par' dir='ltr' id='par_1_1' title="bbox 327 318 929 413">
     <span class='ocr_line' id='line_1_1' title="bbox 327 318 929 413; baseline -0.015 -1"><span class='ocrx_word' id='word_1_1' title='bbox 327 358 377 413; x_wconf 81' lang='lat' dir='ltr'>roo</span> <span class='ocrx_word' id='word_1_2' title='bbox 617 357 827 411; x_wconf 76' lang='lat' dir='ltr'>maenianis</span> <span class='ocrx_word' id='word_1_3' title='bbox 925 318 929 335; x_wconf 51' lang='lat'><strong>โน</strong></span> 
     </span>
    </p>
   </div>
   <div class='ocr_carea' id='block_1_2' title="bbox 328 475 1118 1738">
    <p class='ocr_par' dir='ltr' id='par_1_2' title="bbox 328 475 1118 1738">
     <span class='ocr_line' id='line_1_2' title="bbox 600 475 845 520; baseline -0.012 0"><span class='ocrx_word' id='word_1_4' title='bbox 600 481 635 520; x_wconf 77' lang='grc'>59.</span> <span class='ocrx_word' id='word_1_5' title='bbox 659 476 699 519; x_wconf 83' lang='lat' dir='ltr'>De</span> <span class='ocrx_word' id='word_1_6' title='bbox 718 475 845 518; x_wconf 78' lang='lat' dir='ltr'>Citariuo.</span> 
     </span>
     <span class='ocr_line' id='line_1_3' title="bbox 329 544 889 612; baseline -0.007 -13"><span class='ocrx_word' id='word_1_7' title='bbox 329 548 414 600; x_wconf 83' lang='lat' dir='ltr'>Senos</span> <span class='ocrx_word' id='word_1_8' title='bbox 426 544 560 598; x_wconf 83' lang='lat' dir='ltr'>Charinus</span> <span class='ocrx_word' id='word_1_9' title='bbox 572 546 696 598; x_wconf 85' lang='lat' dir='ltr'>omnibus</span> <span class='ocrx_word' id='word_1_10' title='bbox 706 545 800 612; x_wconf 83' lang='lat' dir='ltr'>digitis</span> <span class='ocrx_word' id='word_1_11' title='bbox 809 545 889 612; x_wconf 87' lang='lat' dir='ltr'>gerit,</span> 
     </span>
     <span class='ocr_line' id='line_1_4' title="bbox 364 620 739 687; baseline -0.011 -14"><span class='ocrx_word' id='word_1_12' title='bbox 364 637 415 673; x_wconf 89' lang='lat' dir='ltr'>nec</span> <span class='ocrx_word' id='word_1_13' title='bbox 424 627 504 672; x_wconf 89' lang='lat' dir='ltr'>nocte</span> <span class='ocrx_word' id='word_1_14' title='bbox 514 621 600 687; x_wconf 79' lang='lat' dir='ltr'>ponit,</span> <span class='ocrx_word' id='word_1_15' title='bbox 611 620 739 680; x_wconf 80' lang='lat' dir='ltr'>annulos3</span> 
     </span>
     <span class='ocr_line' id='line_1_5' title="bbox 328 691 978 760; baseline -0.003 -13"><span class='ocrx_word' id='word_1_16' title='bbox 328 712 377 747; x_wconf 89' lang='lat' dir='ltr'>nec</span> <span class='ocrx_word' id='word_1_17' title='bbox 388 711 447 746; x_wconf 90' lang='lat' dir='ltr'>cum</span> <span class='ocrx_word' id='word_1_18' title='bbox 458 696 574 746; x_wconf 87' lang='lat' dir='ltr'>lavatur.</span> <span class='ocrx_word' id='word_1_19' title='bbox 595 694 684 745; x_wconf 80' lang='lat' dir='ltr'>Causa</span> <span class='ocrx_word' id='word_1_20' title='bbox 695 694 818 759; x_wconf 86' lang='lat' dir='ltr'>quaesit,</span> <span class='ocrx_word' id='word_1_21' title='bbox 829 691 978 760; x_wconf 68' lang='lat' dir='ltr'>quaeritis!</span> 
     </span>
     <span class='ocr_line' id='line_1_6' title="bbox 366 765 771 837; baseline -0.005 -18"><span class='ocrx_word' id='word_1_22' title='bbox 366 767 604 837; x_wconf 81' lang='lat' dir='ltr'>Dactyliothecam</span> <span class='ocrx_word' id='word_1_23' title='bbox 615 783 669 819; x_wconf 90' lang='lat' dir='ltr'>non</span> <span class='ocrx_word' id='word_1_24' title='bbox 680 765 771 818; x_wconf 86' lang='lat' dir='ltr'>habet.</span> 
     </span>
     <span class='ocr_line' id='line_1_7' title="bbox 505 852 944 907; baseline -0.007 -8"><span class='ocrx_word' id='word_1_25' title='bbox 505 860 539 899; x_wconf 81' lang='grc'>60.</span> <span class='ocrx_word' id='word_1_26' title='bbox 564 857 603 898; x_wconf 88' lang='lat' dir='ltr'>De</span> <span class='ocrx_word' id='word_1_27' title='bbox 624 855 729 897; x_wconf 78' lang='lat' dir='ltr'>Chione</span> <span class='ocrx_word' id='word_1_28' title='bbox 748 861 775 896; x_wconf 77' lang='lat' dir='ltr'>et</span> <span class='ocrx_word' id='word_1_29' title='bbox 794 852 944 907; x_wconf 81' lang='lat' dir='ltr'>Phlogitle.</span> 
     </span>
     <span class='ocr_line' id='line_1_8' title="bbox 330 923 1093 995; baseline -0.004 -15"><span class='ocrx_word' id='word_1_30' title='bbox 330 928 371 980; x_wconf 84' lang='lat' dir='ltr'>Sit</span> <span class='ocrx_word' id='word_1_31' title='bbox 382 927 496 995; x_wconf 80' lang='lat' dir='ltr'>Phlogis</span> <span class='ocrx_word' id='word_1_32' title='bbox 506 942 541 977; x_wconf 90' lang='lat' dir='ltr'>an</span> <span class='ocrx_word' id='word_1_33' title='bbox 551 925 654 978; x_wconf 86' lang='lat' dir='ltr'>Chione</span> <span class='ocrx_word' id='word_1_34' title='bbox 664 923 764 976; x_wconf 89' lang='lat' dir='ltr'>Veneri</span> <span class='ocrx_word' id='word_1_35' title='bbox 774 924 862 992; x_wconf 87' lang='lat' dir='ltr'>magis</span> <span class='ocrx_word' id='word_1_36' title='bbox 873 930 947 991; x_wconf 86' lang='lat' dir='ltr'>apta,</span> <span class='ocrx_word' id='word_1_37' title='bbox 961 925 1093 994; x_wconf 67' lang='lat' dir='ltr'>requiris!</span> 
     </span>
     <span class='ocr_line' id='line_1_9' title="bbox 366 997 1068 1067; baseline -0.003 -14"><span class='ocrx_word' id='word_1_38' title='bbox 366 1001 510 1053; x_wconf 87' lang='lat' dir='ltr'>Pulchrior</span> <span class='ocrx_word' id='word_1_39' title='bbox 521 1008 563 1053; x_wconf 89' lang='lat' dir='ltr'>est</span> <span class='ocrx_word' id='word_1_40' title='bbox 572 999 690 1062; x_wconf 79' lang='lat' dir='ltr'>Chione3</span> <span class='ocrx_word' id='word_1_41' title='bbox 700 999 747 1052; x_wconf 78' lang='lat' dir='ltr'>sed</span> <span class='ocrx_word' id='word_1_42' title='bbox 760 997 873 1067; x_wconf 82' lang='lat' dir='ltr'>Phlogis</span> <span class='ocrx_word' id='word_1_43' title='bbox 884 1000 962 1050; x_wconf 85' lang='lat' dir='ltr'>ulem</span> <span class='ocrx_word' id='word_1_44' title='bbox 972 999 1068 1064; x_wconf 82' lang='lat' dir='ltr'>habet3</span> 
     </span>
     <span class='ocr_line' id='line_1_10' title="bbox 330 1074 1052 1141; baseline -0.004 -13"><span class='ocrx_word' id='word_1_45' title='bbox 330 1079 407 1128; x_wconf 88' lang='lat' dir='ltr'>ulcus</span> <span class='ocrx_word' id='word_1_46' title='bbox 418 1075 508 1140; x_wconf 84' lang='lat' dir='ltr'>habet,</span> <span class='ocrx_word' id='word_1_47' title='bbox 523 1075 626 1127; x_wconf 81' lang='lat' dir='ltr'>Priami</span> <span class='ocrx_word' id='word_1_48' title='bbox 637 1074 710 1141; x_wconf 85' lang='lat' dir='ltr'>quod</span> <span class='ocrx_word' id='word_1_49' title='bbox 719 1074 829 1125; x_wconf 86' lang='lat' dir='ltr'>tendere</span> <span class='ocrx_word' id='word_1_50' title='bbox 840 1075 929 1139; x_wconf 84' lang='lat' dir='ltr'>possit</span> <span class='ocrx_word' id='word_1_51' title='bbox 939 1075 1052 1138; x_wconf 86' lang='lat' dir='ltr'>alutam,</span> 
     </span>
     <span class='ocr_line' id='line_1_11' title="bbox 369 1149 1049 1217; baseline -0.004 -14"><span class='ocrx_word' id='word_1_52' title='bbox 369 1152 495 1217; x_wconf 89' lang='lat' dir='ltr'>quodque</span> <span class='ocrx_word' id='word_1_53' title='bbox 506 1166 595 1201; x_wconf 91' lang='lat' dir='ltr'>senem</span> <span class='ocrx_word' id='word_1_54' title='bbox 606 1149 715 1215; x_wconf 87' lang='lat' dir='ltr'>Pylium</span> <span class='ocrx_word' id='word_1_55' title='bbox 726 1163 781 1199; x_wconf 90' lang='lat' dir='ltr'>non</span> <span class='ocrx_word' id='word_1_56' title='bbox 791 1149 864 1198; x_wconf 88' lang='lat' dir='ltr'>sinat</span> <span class='ocrx_word' id='word_1_57' title='bbox 874 1163 934 1201; x_wconf 81' lang='lat' dir='ltr'>esse</span> <span class='ocrx_word' id='word_1_58' title='bbox 947 1165 1049 1200; x_wconf 86' lang='lat' dir='ltr'>senem.</span> 
     </span>
     <span class='ocr_line' id='line_1_12' title="bbox 331 1221 1118 1291; baseline -0.005 -14"><span class='ocrx_word' id='word_1_59' title='bbox 331 1227 413 1277; x_wconf 89' lang='lat' dir='ltr'>Ulcus</span> <span class='ocrx_word' id='word_1_60' title='bbox 424 1225 514 1286; x_wconf 86' lang='lat' dir='ltr'>habet,</span> <span class='ocrx_word' id='word_1_61' title='bbox 521 1224 594 1291; x_wconf 84' lang='lat' dir='ltr'>quod</span> <span class='ocrx_word' id='word_1_62' title='bbox 603 1221 704 1274; x_wconf 88' lang='lat' dir='ltr'>habere</span> <span class='ocrx_word' id='word_1_63' title='bbox 714 1238 791 1274; x_wconf 86' lang='lat' dir='ltr'>suam</span> <span class='ocrx_word' id='word_1_64' title='bbox 800 1222 859 1273; x_wconf 80' lang='lat' dir='ltr'>vult</span> <span class='ocrx_word' id='word_1_65' title='bbox 868 1224 984 1290; x_wconf 86' lang='lat' dir='ltr'>quisque</span> <span class='ocrx_word' id='word_1_66' title='bbox 994 1224 1118 1290; x_wconf 69' lang='lat' dir='ltr'>puellam,</span> 
     </span>
     <span class='ocr_line' id='line_1_13' title="bbox 370 1296 1117 1366; baseline -0.001 -16"><span class='ocrx_word' id='word_1_67' title='bbox 370 1299 442 1366; x_wconf 80' lang='lat' dir='ltr'>quod</span> <span class='ocrx_word' id='word_1_68' title='bbox 456 1314 553 1350; x_wconf 89' lang='lat' dir='ltr'>sanare</span> <span class='ocrx_word' id='word_1_69' title='bbox 564 1296 667 1361; x_wconf 74' lang='lat' dir='ltr'>Criton,</span> <span class='ocrx_word' id='word_1_70' title='bbox 678 1313 733 1348; x_wconf 88' lang='lat' dir='ltr'>non</span> <span class='ocrx_word' id='word_1_71' title='bbox 743 1297 817 1362; x_wconf 85' lang='lat' dir='ltr'>quod</span> <span class='ocrx_word' id='word_1_72' title='bbox 826 1296 926 1363; x_wconf 82' lang='lat' dir='ltr'>Hygea</span> <span class='ocrx_word' id='word_1_73' title='bbox 937 1303 1038 1364; x_wconf 82' lang='lat' dir='ltr'>potest.</span> <span class='ocrx_word' id='word_1_74' title='bbox 1114 1358 1117 1364; x_wconf 30' lang='lat'>ยน</span> 
     </span>
     <span class='ocr_line' id='line_1_14' title="bbox 332 1371 983 1437; baseline -0.003 -12"><span class='ocrx_word' id='word_1_75' title='bbox 332 1377 364 1425; x_wconf 81' lang='lat' dir='ltr'>at</span> <span class='ocrx_word' id='word_1_76' title='bbox 375 1373 478 1424; x_wconf 85' lang='lat' dir='ltr'>Chione</span> <span class='ocrx_word' id='word_1_77' title='bbox 488 1388 542 1424; x_wconf 90' lang='lat' dir='ltr'>non</span> <span class='ocrx_word' id='word_1_78' title='bbox 552 1373 635 1423; x_wconf 85' lang='lat' dir='ltr'>sentit</span> <span class='ocrx_word' id='word_1_79' title='bbox 648 1386 725 1437; x_wconf 81' lang='lat' dir='ltr'>oprrs,</span> <span class='ocrx_word' id='word_1_80' title='bbox 736 1387 786 1423; x_wconf 91' lang='lat' dir='ltr'>nec</span> <span class='ocrx_word' id='word_1_81' title='bbox 795 1371 908 1423; x_wconf 89' lang='lat' dir='ltr'>vocibus</span> <span class='ocrx_word' id='word_1_82' title='bbox 917 1372 983 1423; x_wconf 86' lang='lat' dir='ltr'>ullis</span> 
     </span>
     <span class='ocr_line' id='line_1_15' title="bbox 369 1447 968 1513; baseline -0.003 -15"><span class='ocrx_word' id='word_1_83' title='bbox 369 1449 492 1499; x_wconf 84' lang='lat' dir='ltr'>adiuvat:</span> <span class='ocrx_word' id='word_1_84' title='bbox 508 1447 646 1498; x_wconf 82' lang='lat' dir='ltr'>absentem</span> <span class='ocrx_word' id='word_1_85' title='bbox 656 1461 870 1496; x_wconf 85' lang='lat' dir='ltr'>marmoreamve</span> <span class='ocrx_word' id='word_1_86' title='bbox 879 1452 968 1513; x_wconf 84' lang='lat' dir='ltr'>putes.</span> 
     </span>
     <span class='ocr_line' id='line_1_16' title="bbox 331 1520 909 1588; baseline -0.005 -15"><span class='ocrx_word' id='word_1_87' title='bbox 331 1524 462 1584; x_wconf 82' lang='lat' dir='ltr'>Exorare,</span> <span class='ocrx_word' id='word_1_88' title='bbox 473 1521 527 1584; x_wconf 86' lang='lat' dir='ltr'>(lei,</span> <span class='ocrx_word' id='word_1_89' title='bbox 537 1520 561 1572; x_wconf 87' lang='lat' dir='ltr'>si</span> <span class='ocrx_word' id='word_1_90' title='bbox 572 1536 621 1572; x_wconf 84' lang='lat' dir='ltr'>vos</span> <span class='ocrx_word' id='word_1_91' title='bbox 630 1526 687 1571; x_wconf 89' lang='lat' dir='ltr'>tam</span> <span class='ocrx_word' id='word_1_92' title='bbox 698 1535 796 1588; x_wconf 89' lang='lat' dir='ltr'>magna</span> <span class='ocrx_word' id='word_1_93' title='bbox 806 1521 909 1583; x_wconf 71' lang='lat' dir='ltr'>liceret,</span> 
     </span>
     <span class='ocr_line' id='line_1_17' title="bbox 368 1594 879 1662; baseline -0.002 -16"><span class='ocrx_word' id='word_1_94' title='bbox 368 1603 396 1648; x_wconf 91' lang='lat' dir='ltr'>et</span> <span class='ocrx_word' id='word_1_95' title='bbox 403 1597 477 1647; x_wconf 90' lang='lat' dir='ltr'>bona</span> <span class='ocrx_word' id='word_1_96' title='bbox 487 1595 593 1646; x_wconf 88' lang='lat' dir='ltr'>velletis</span> <span class='ocrx_word' id='word_1_97' title='bbox 602 1599 659 1645; x_wconf 90' lang='lat' dir='ltr'>tam</span> <span class='ocrx_word' id='word_1_98' title='bbox 669 1595 793 1662; x_wconf 80' lang='lat' dir='ltr'>pretiosa</span> <span class='ocrx_word' id='word_1_99' title='bbox 802 1594 879 1645; x_wconf 85' lang='lat' dir='ltr'>dare:</span> 
     </span>
     <span class='ocr_line' id='line_1_18' title="bbox 331 1668 1053 1738; baseline -0.001 -17"><span class='ocrx_word' id='word_1_100' title='bbox 331 1670 384 1724; x_wconf 88' lang='lat' dir='ltr'>hoc</span> <span class='ocrx_word' id='word_1_101' title='bbox 395 1671 468 1738; x_wconf 84' lang='lat' dir='ltr'>quod</span> <span class='ocrx_word' id='word_1_102' title='bbox 478 1668 561 1721; x_wconf 88' lang='lat' dir='ltr'>habet</span> <span class='ocrx_word' id='word_1_103' title='bbox 570 1668 674 1721; x_wconf 86' lang='lat' dir='ltr'>Chione</span> <span class='ocrx_word' id='word_1_104' title='bbox 684 1685 792 1737; x_wconf 83' lang='lat' dir='ltr'>corpus,</span> <span class='ocrx_word' id='word_1_105' title='bbox 802 1669 929 1720; x_wconf 82' lang='lat' dir='ltr'>taceretis</span> <span class='ocrx_word' id='word_1_106' title='bbox 939 1668 1053 1721; x_wconf 86' lang='lat' dir='ltr'>haberet</span> 
     </span>
    </p>
   </div>
   <div class='ocr_carea' id='block_1_3' title="bbox 368 1743 1089 1814">
    <p class='ocr_par' dir='ltr' id='par_1_3' title="bbox 368 1743 1089 1814">
     <span class='ocr_line' id='line_1_19' title="bbox 368 1743 1089 1814; baseline -0.003 -17"><span class='ocrx_word' id='word_1_107' title='bbox 368 1753 398 1797; x_wconf 89' lang='lat' dir='ltr'>ut</span> <span class='ocrx_word' id='word_1_108' title='bbox 408 1745 535 1814; x_wconf 80' lang='lat' dir='ltr'>Phlogis3</span> <span class='ocrx_word' id='word_1_109' title='bbox 551 1751 579 1796; x_wconf 93' lang='lat' dir='ltr'>et</span> <span class='ocrx_word' id='word_1_110' title='bbox 589 1744 701 1808; x_wconf 81' lang='lat' dir='ltr'>Chione,</span> <span class='ocrx_word' id='word_1_111' title='bbox 712 1744 785 1811; x_wconf 86' lang='lat' dir='ltr'>quod</span> <span class='ocrx_word' id='word_1_112' title='bbox 796 1743 910 1811; x_wconf 86' lang='lat' dir='ltr'>Phlogis</span> <span class='ocrx_word' id='word_1_113' title='bbox 919 1746 998 1797; x_wconf 91' lang='lat' dir='ltr'>ulcus</span> <span class='ocrx_word' id='word_1_114' title='bbox 1008 1743 1089 1796; x_wconf 85' lang='lat' dir='ltr'>habet</span> 
     </span>
    </p>
   </div>
   <div class='ocr_carea' id='block_1_4' title="bbox 386 1832 1053 2933">
    <p class='ocr_par' dir='ltr' id='par_1_4' title="bbox 386 1832 1053 2933">
     <span class='ocr_line' id='line_1_20' title="bbox 598 1832 853 1875; baseline -0.012 0"><span class='ocrx_word' id='word_1_115' title='bbox 598 1836 632 1875; x_wconf 81' lang='lat'>61.</span> <span class='ocrx_word' id='word_1_116' title='bbox 656 1833 696 1875; x_wconf 83' lang='lat' dir='ltr'>De</span> <span class='ocrx_word' id='word_1_117' title='bbox 716 1832 853 1874; x_wconf 73' lang='lat' dir='ltr'>Manneia-</span> 
     </span>
     <span class='ocr_line' id='line_1_21' title="bbox 387 1898 988 1966; baseline 0.005 -17"><span class='ocrx_word' id='word_1_118' title='bbox 387 1900 495 1966; x_wconf 89' lang='lat' dir='ltr'>Lingua</span> <span class='ocrx_word' id='word_1_119' title='bbox 505 1901 627 1963; x_wconf 87' lang='lat' dir='ltr'>maritus,</span> <span class='ocrx_word' id='word_1_120' title='bbox 636 1898 766 1951; x_wconf 88' lang='lat' dir='ltr'>moechus</span> <span class='ocrx_word' id='word_1_121' title='bbox 777 1915 824 1951; x_wconf 89' lang='lat' dir='ltr'>ore</span> <span class='ocrx_word' id='word_1_122' title='bbox 833 1899 988 1961; x_wconf 82' lang='lat' dir='ltr'>Manneim,</span> 
     </span>
     <span class='ocr_line' id='line_1_22' title="bbox 386 1974 892 2041; baseline -0.002 -17"><span class='ocrx_word' id='word_1_123' title='bbox 386 1975 598 2025; x_wconf 86' lang='lat' dir='ltr'>summoenianis</span> <span class='ocrx_word' id='word_1_124' title='bbox 608 1976 778 2041; x_wconf 83' lang='lat' dir='ltr'>inquinatior</span> <span class='ocrx_word' id='word_1_125' title='bbox 786 1974 892 2025; x_wconf 85' lang='lat' dir='ltr'>buccis:</span> 
     </span>
     <span class='ocr_line' id='line_1_23' title="bbox 387 2047 926 2115; baseline -0.002 -17"><span class='ocrx_word' id='word_1_126' title='bbox 387 2064 465 2115; x_wconf 85' lang='lat' dir='ltr'>quem</span> <span class='ocrx_word' id='word_1_127' title='bbox 478 2064 536 2099; x_wconf 91' lang='lat' dir='ltr'>cum</span> <span class='ocrx_word' id='word_1_128' title='bbox 547 2048 666 2099; x_wconf 79' lang='lat' dir='ltr'>fenestra</span> <span class='ocrx_word' id='word_1_129' title='bbox 676 2049 746 2100; x_wconf 86' lang='lat' dir='ltr'>vidit</span> <span class='ocrx_word' id='word_1_130' title='bbox 756 2064 773 2099; x_wconf 90' lang='lat' dir='ltr'>a</span> <span class='ocrx_word' id='word_1_131' title='bbox 783 2047 926 2100; x_wconf 84' lang='lat' dir='ltr'>Suburana</span> 
     </span>
     <span class='ocr_line' id='line_1_24' title="bbox 388 2122 961 2185; baseline -0.002 -12"><span class='ocrx_word' id='word_1_132' title='bbox 388 2122 525 2173; x_wconf 88' lang='lat' dir='ltr'>obscoena</span> <span class='ocrx_word' id='word_1_133' title='bbox 533 2123 633 2173; x_wconf 85' lang='lat' dir='ltr'>nudum</span> <span class='ocrx_word' id='word_1_134' title='bbox 643 2122 714 2185; x_wconf 87' lang='lat' dir='ltr'>lena,</span> <span class='ocrx_word' id='word_1_135' title='bbox 724 2122 856 2174; x_wconf 78' lang='lat' dir='ltr'>fornicem</span> <span class='ocrx_word' id='word_1_136' title='bbox 866 2122 961 2185; x_wconf 90' lang='lat' dir='ltr'>cludit,</span> 
     </span>
     <span class='ocr_line' id='line_1_25' title="bbox 387 2197 1053 2263; baseline -0.003 -16"><span class='ocrx_word' id='word_1_137' title='bbox 387 2197 557 2262; x_wconf 89' lang='lat' dir='ltr'>mediumque</span> <span class='ocrx_word' id='word_1_138' title='bbox 568 2197 672 2248; x_wconf 82' lang='lat' dir='ltr'>mamrlt</span> <span class='ocrx_word' id='word_1_139' title='bbox 680 2197 798 2260; x_wconf 88' lang='lat' dir='ltr'>basiare,</span> <span class='ocrx_word' id='word_1_140' title='bbox 809 2211 889 2263; x_wconf 87' lang='lat' dir='ltr'>quam</span> <span class='ocrx_word' id='word_1_141' title='bbox 904 2212 1053 2247; x_wconf 88' lang='lat' dir='ltr'>summum:</span> 
     </span>
     <span class='ocr_line' id='line_1_26' title="bbox 387 2271 1003 2338; baseline 0.002 -17"><span class='ocrx_word' id='word_1_142' title='bbox 387 2272 470 2322; x_wconf 89' lang='lat' dir='ltr'>modo</span> <span class='ocrx_word' id='word_1_143' title='bbox 482 2272 529 2338; x_wconf 82' lang='lat' dir='ltr'>qui</span> <span class='ocrx_word' id='word_1_144' title='bbox 538 2286 586 2337; x_wconf 86' lang='lat' dir='ltr'>per</span> <span class='ocrx_word' id='word_1_145' title='bbox 597 2287 690 2323; x_wconf 82' lang='lat' dir='ltr'>omnes</span> <span class='ocrx_word' id='word_1_146' title='bbox 700 2272 831 2323; x_wconf 85' lang='lat' dir='ltr'>m&#39;scerum</span> <span class='ocrx_word' id='word_1_147' title='bbox 842 2271 924 2322; x_wconf 87' lang='lat' dir='ltr'>tubos</span> <span class='ocrx_word' id='word_1_148' title='bbox 933 2272 1003 2327; x_wconf 85' lang='lat' dir='ltr'>ibat.</span> 
     </span>
     <span class='ocr_line' id='line_1_27' title="bbox 388 2346 879 2413; baseline -0.004 -16"><span class='ocrx_word' id='word_1_149' title='bbox 388 2350 415 2397; x_wconf 90' lang='lat' dir='ltr'>et</span> <span class='ocrx_word' id='word_1_150' title='bbox 424 2361 491 2397; x_wconf 89' lang='lat' dir='ltr'>voce</span> <span class='ocrx_word' id='word_1_151' title='bbox 502 2351 577 2397; x_wconf 89' lang='lat' dir='ltr'>certa</span> <span class='ocrx_word' id='word_1_152' title='bbox 587 2346 751 2413; x_wconf 85' lang='lat' dir='ltr'>consciaque</span> <span class='ocrx_word' id='word_1_153' title='bbox 762 2346 879 2408; x_wconf 86' lang='lat' dir='ltr'>(licebat,</span> 
     </span>
     <span class='ocr_line' id='line_1_28' title="bbox 388 2419 938 2486; baseline 0 -17"><span class='ocrx_word' id='word_1_154' title='bbox 388 2435 454 2486; x_wconf 84' lang='lat' dir='ltr'>puer</span> <span class='ocrx_word' id='word_1_155' title='bbox 465 2435 499 2469; x_wconf 91' lang='lat' dir='ltr'>an</span> <span class='ocrx_word' id='word_1_156' title='bbox 508 2419 599 2486; x_wconf 87' lang='lat' dir='ltr'>puella</span> <span class='ocrx_word' id='word_1_157' title='bbox 608 2421 704 2471; x_wconf 86' lang='lat' dir='ltr'>matris</span> <span class='ocrx_word' id='word_1_158' title='bbox 714 2426 786 2471; x_wconf 89' lang='lat' dir='ltr'>esset</span> <span class='ocrx_word' id='word_1_159' title='bbox 794 2422 822 2469; x_wconf 92' lang='lat' dir='ltr'>in</span> <span class='ocrx_word' id='word_1_160' title='bbox 833 2424 938 2480; x_wconf 82' lang='lat' dir='ltr'>ventre3</span> 
     </span>
     <span class='ocr_line' id='line_1_29' title="bbox 388 2494 1041 2561; baseline 0.002 -18"><span class='ocrx_word' id='word_1_161' title='bbox 388 2494 516 2561; x_wconf 85' lang='lat' dir='ltr'>(gaudete</span> <span class='ocrx_word' id='word_1_162' title='bbox 528 2495 620 2557; x_wconf 85' lang='lat' dir='ltr'>cnnni3</span> <span class='ocrx_word' id='word_1_163' title='bbox 635 2500 727 2546; x_wconf 87' lang='lat' dir='ltr'>vestra</span> <span class='ocrx_word' id='word_1_164' title='bbox 736 2510 851 2560; x_wconf 88' lang='lat' dir='ltr'>namque</span> <span class='ocrx_word' id='word_1_165' title='bbox 860 2510 904 2545; x_wconf 92' lang='lat' dir='ltr'>res</span> <span class='ocrx_word' id='word_1_166' title='bbox 915 2499 978 2544; x_wconf 86' lang='lat' dir='ltr'>acta</span> <span class='ocrx_word' id='word_1_167' title='bbox 987 2496 1041 2556; x_wconf 76' lang='lat' dir='ltr'>est)</span> 
     </span>
     <span class='ocr_line' id='line_1_30' title="bbox 389 2568 979 2635; baseline 0 -17"><span class='ocrx_word' id='word_1_168' title='bbox 389 2570 508 2635; x_wconf 88' lang='lat' dir='ltr'>arrigere</span> <span class='ocrx_word' id='word_1_169' title='bbox 518 2568 638 2635; x_wconf 88' lang='lat' dir='ltr'>linguam</span> <span class='ocrx_word' id='word_1_170' title='bbox 648 2585 703 2620; x_wconf 92' lang='lat' dir='ltr'>non</span> <span class='ocrx_word' id='word_1_171' title='bbox 714 2574 805 2635; x_wconf 81' lang='lat' dir='ltr'>potest</span> <span class='ocrx_word' id='word_1_172' title='bbox 814 2568 979 2619; x_wconf 82' lang='lat' dir='ltr'>hrtutrioem.</span> 
     </span>
     <span class='ocr_line' id='line_1_31' title="bbox 388 2641 1019 2707; baseline 0.003 -15"><span class='ocrx_word' id='word_1_173' title='bbox 388 2641 467 2706; x_wconf 87' lang='lat' dir='ltr'>Nam,</span> <span class='ocrx_word' id='word_1_174' title='bbox 478 2644 540 2694; x_wconf 90' lang='lat' dir='ltr'>dum</span> <span class='ocrx_word' id='word_1_175' title='bbox 550 2644 663 2694; x_wconf 91' lang='lat' dir='ltr'>tumenti</span> <span class='ocrx_word' id='word_1_176' title='bbox 673 2659 776 2694; x_wconf 90' lang='lat' dir='ltr'>mersus</span> <span class='ocrx_word' id='word_1_177' title='bbox 787 2642 881 2694; x_wconf 88' lang='lat' dir='ltr'>haeret</span> <span class='ocrx_word' id='word_1_178' title='bbox 890 2645 918 2694; x_wconf 92' lang='lat' dir='ltr'>in</span> <span class='ocrx_word' id='word_1_179' title='bbox 927 2643 1019 2707; x_wconf 82' lang='lat' dir='ltr'>vulva,</span> 
     </span>
     <span class='ocr_line' id='line_1_32' title="bbox 389 2716 867 2783; baseline 0.006 -17"><span class='ocrx_word' id='word_1_180' title='bbox 389 2721 416 2766; x_wconf 88' lang='lat' dir='ltr'>et</span> <span class='ocrx_word' id='word_1_181' title='bbox 424 2718 563 2783; x_wconf 85' lang='lat' dir='ltr'>vagientes</span> <span class='ocrx_word' id='word_1_182' title='bbox 572 2718 645 2769; x_wconf 90' lang='lat' dir='ltr'>intus</span> <span class='ocrx_word' id='word_1_183' title='bbox 655 2718 732 2768; x_wconf 86' lang='lat' dir='ltr'>audit</span> <span class='ocrx_word' id='word_1_184' title='bbox 740 2716 867 2780; x_wconf 82' lang='lat' dir='ltr'>infantes,</span> 
     </span>
     <span class='ocr_line' id='line_1_33' title="bbox 389 2790 993 2858; baseline 0.002 -18"><span class='ocrx_word' id='word_1_185' title='bbox 389 2797 492 2857; x_wconf 85' lang='lat' dir='ltr'>partem</span> <span class='ocrx_word' id='word_1_186' title='bbox 503 2793 628 2858; x_wconf 88' lang='lat' dir='ltr'>gulosam</span> <span class='ocrx_word' id='word_1_187' title='bbox 637 2792 722 2843; x_wconf 90' lang='lat' dir='ltr'>solvit</span> <span class='ocrx_word' id='word_1_188' title='bbox 730 2793 857 2843; x_wconf 87' lang='lat' dir='ltr'>indecens</span> <span class='ocrx_word' id='word_1_189' title='bbox 867 2790 993 2844; x_wconf 81' lang='lat' dir='ltr'>morbus:</span> 
     </span>
     <span class='ocr_line' id='line_1_34' title="bbox 389 2868 990 2933; baseline 0.002 -18"><span class='ocrx_word' id='word_1_190' title='bbox 389 2879 439 2916; x_wconf 92' lang='lat' dir='ltr'>nec</span> <span class='ocrx_word' id='word_1_191' title='bbox 449 2880 532 2931; x_wconf 84' lang='lat' dir='ltr'>purus</span> <span class='ocrx_word' id='word_1_192' title='bbox 542 2881 601 2917; x_wconf 88' lang='lat' dir='ltr'>esse</span> <span class='ocrx_word' id='word_1_193' title='bbox 610 2882 681 2932; x_wconf 79' lang='lat' dir='ltr'>nune</span> <span class='ocrx_word' id='word_1_194' title='bbox 690 2872 789 2933; x_wconf 84' lang='lat' dir='ltr'>potest,</span> <span class='ocrx_word' id='word_1_195' title='bbox 800 2881 850 2917; x_wconf 89' lang='lat' dir='ltr'>nec</span> <span class='ocrx_word' id='word_1_196' title='bbox 859 2868 990 2933; x_wconf 82' lang='lat' dir='ltr'>impurus.</span> 
     </span>
    </p>
   </div>
   <div class='ocr_carea' id='block_1_5' title="bbox 0 0 1392 3450">
    <p class='ocr_par' dir='ltr' id='par_1_5' title="bbox 0 0 1392 3450">
     <span class='ocr_line' id='line_1_35' title="bbox 0 0 1392 3450; baseline 0 0"><span class='ocrx_word' id='word_1_197' title='bbox 0 0 1392 3450; x_wconf 95' lang='lat' dir='ltr'> </span> 
     </span>
    </p>
   </div>
  </div>
 </body>
</html>
