2750 3450
310 401 342 450 io
597 403 811 450 maurinus

309 523 419 592 ignorat
428 525 533 575 meritis
543 525 607 577 dare
621 540 741 587 munera,
752 524 799 590 qui
808 522 860 574 tibi
868 522 981 586 librum,

347 604 374 649 et
384 599 431 665 qui
440 599 562 662 nriratur,
572 597 683 666 Regulo,
694 606 756 650 tura
765 598 834 648 dari.

577 707 623 745 113.
649 703 679 745 lu
699 704 830 745 Priscum.

311 793 377 844 Cum
388 798 414 845 te
425 809 479 846 uon
489 810 606 857 nossem,
617 792 755 845 dominunl
766 806 910 861 regemque
918 790 1057 845 vocabam

348 883 406 919 urm
416 869 484 919 bene
494 875 522 920 te
532 869 605 932 novi,
614 871 671 920 lam
680 866 748 920 mihi
759 867 867 918 Priscus
877 868 940 917 erls.

569 978 616 1017 114.
640 972 681 1015 Ad
696 973 838 1016 lectoren.

385 1061 566 1133 Quaecunque
576 1066 630 1118 lusi
639 1066 745 1119 iuvenis
755 1070 783 1116 et
791 1079 857 1130 puer
867 1065 1017 1130 quondam,

384 1139 532 1206 apinasque
541 1147 659 1204 nostras,
671 1155 739 1207 quae
749 1154 799 1190 nee
808 1139 867 1204 ipse
876 1140 1020 1207 lammeri,

383 1212 454 1264 male
465 1213 602 1266 collocare
612 1215 733 1267 oibouan
742 1214 818 1265 voles
828 1210 921 1276 horus,

383 1293 410 1338 et
419 1287 553 1339 invidebis
564 1290 621 1341 otio
631 1296 689 1352 tuo,
704 1289 798 1350 lector,
905 1284 909 1296 '

384 1377 400 1412 a
410 1359 557 1413 Valeriano
569 1362 659 1415 Pollio
671 1369 745 1431 petua
756 1362 883 1423 Quinem,

383 1452 518 1503 perquem
530 1438 618 1503 perire
628 1454 682 1489 non
693 1438 757 1489 licet
766 1437 834 1489 meis
842 1434 932 1502 nugis.

554 1545 599 1584 115.
624 1542 662 1583 dd
684 1542 857 1583 Frontinum.

311 1630 372 1682 Hos
382 1630 434 1681 tibi
443 1632 557 1697 vicinos,
568 1632 707 1698 Faustino,
717 1630 900 1699 Telesphorus
912 1628 1012 1687 hortos

348 1704 477 1771 Foenius,
488 1712 516 1760 ei
523 1707 604 1761 breve
614 1725 669 1774 rua,
684 1708 792 1776 udaque
801 1714 881 1775 prata
889 1711 972 1758 tenet,

313 1780 443 1833 Condidit
452 1780 497 1834 hio
505 1789 586 1835 natae
597 1784 709 1846 cinereo,
721 1796 871 1848 nomenque
881 1784 1012 1846 samarit,

350 1856 422 1923 quod
432 1857 510 1925 legio,
520 1858 654 1923 Antullae,
665 1857 774 1925 dignior
783 1858 843 1922 ipse
851 1855 915 1923 legi.

311 1930 348 1982 Et
356 1930 468 1999 Stygias
478 1946 593 2000 aequum
602 1931 693 1984 iuerat
702 1937 805 1999 patrem
814 1931 869 1981 isse
879 1928 929 1980 sub
939 1927 1053 1990 urniuras

349 2006 397 2058 ned
407 2007 472 2072 quia
481 2017 536 2058 non
545 2005 632 2071 licuit,
643 2007 718 2069 vivit,
732 2011 763 2056 ut
772 2020 836 2055 ossa
846 2004 927 2056 colat.
964 2015 967 2023 ⁴

568 2113 615 2152 llo.
639 2110 670 2152 ln
685 2107 847 2152 Precilium.
919 2133 922 2141 ·

420 2193 561 2257 Quaedam
570 2211 614 2247 mo
624 2196 706 2262 eupit,
718 2194 811 2245 invide
820 2194 948 2257 Procilla,

418 2276 479 2322 toto
490 2269 633 2321 candidior
642 2269 735 2336 puella
744 2284 842 2336 cygno,

421 2348 543 2411 argento,
553 2344 624 2407 nive,
635 2343 705 2407 lilio,
715 2342 845 2411 ligustro:
916 2357 918 2361 ·

419 2418 474 2470 lam
485 2418 632 2484 suspendia
641 2432 725 2469 saeva
734 2418 883 2485 cogitabi„

419 2492 469 2544 sed
479 2491 615 2559 quandam
628 2493 693 2544 volo
703 2498 783 2544 nocte
793 2492 949 2559 nigriorem,

420 2566 544 2628 sonnino,
558 2567 627 2634 pice,
640 2568 762 2634 graculo,
777 2566 885 2628 oioeda3
979 2624 981 2628 ,

316 2657 318 2661 “
421 2640 901 2706 oinovibeueie‚Procilluuivea·¹
948 2695 951 2702 ,
990 2660 992 2665 ·

584 2749 630 2789 lul.
655 2746 695 2789 De
711 2743 834 2787 Antulla.

313 2827 377 2879 Hoc
385 2843 479 2881 nemun
489 2836 599 2882 aeterno
610 2831 729 2883 cinerum
739 2830 859 2884 oneravit
871 2828 976 2882 honore

351 2901 479 2965 Foenius,
491 2912 518 2954 et
528 2904 592 2954 culti
603 2905 698 2974 iugera
707 2919 796 2973 pauca
805 2904 868 2957 soli.
953 2948 955 2952 .
