2750 3450
502 405 543 455 ΙΝ
567 406 738 453 PRlAPUM
756 406 887 454 Lusus.

369 534 399 585 in
408 531 485 584 venis
495 531 596 582 medici
606 535 704 597 putant
713 529 829 582 habere:

371 608 405 659 ad
417 623 460 658 ntc
469 611 551 658 necte
562 605 634 657 solet
644 607 746 668 venire,
758 611 785 656 et
796 604 878 657 affert

369 684 513 750 pallorem,
524 683 693 748 maciemque
704 677 857 731 larvialem.

370 758 479 809 Ductor
488 756 592 808 ferreus
603 757 733 808 insularis
745 771 841 822 acque,

370 833 494 884 laternae
506 833 602 883 videor
611 831 713 882 fricare
724 847 818 882 cornu.

596 923 630 962 33.
656 920 787 974 Priapus.
883 915 886 927 '

291 986 421 1043 Naiadas
432 988 539 1054 antiqui
550 987 734 1053 Dryadasque
743 985 863 1038 habuere
873 985 981 1053 Priapi:

332 1071 368 1128 et,
380 1079 433 1130 quo
444 1069 521 1114 tenta
531 1062 576 1114 dei
586 1077 656 1115 vena
665 1061 779 1125 subiret,
790 1067 858 1114 erat.

291 1139 374 1192 Nunc
384 1138 453 1190 adeo
464 1136 533 1189 nihil
544 1143 598 1189 est:
615 1138 685 1189 adeo
697 1153 759 1188 mea
770 1139 852 1205 plena
861 1135 960 1200 libide,

332 1220 362 1266 ut
372 1212 513 1282 Nymphas
525 1228 619 1265 omnes
630 1213 769 1265 interiisse
780 1219 880 1281 putem.

293 1291 387 1358 Turpe
398 1290 507 1358 quidem
518 1288 591 1340 fatu:
602 1289 650 1340 sed
661 1305 695 1340 ue
705 1290 839 1357 tentigine
849 1303 968 1355 rumpar,

332 1364 405 1418 falce
415 1381 498 1417 manu
508 1365 610 1432 posita,
622 1365 668 1416 het
679 1366 770 1416 antica
780 1381 884 1416 manus.

562 1457 596 1494 34.
621 1454 660 1494 Ad
681 1453 824 1508 Priapum.

406 1526 472 1577 Cum
484 1542 591 1577 sacrum
603 1526 681 1575 tieret
696 1526 748 1577 deo
759 1527 858 1592 salaci,

405 1602 541 1653 conducta
552 1607 595 1651 est
605 1602 694 1666 pretio
706 1601 797 1666 puella
807 1619 904 1670 parvo,

405 1677 557 1730 cummunis
567 1677 635 1730 satis
651 1676 776 1731 curribus
789 1679 889 1731 hittua.

406 1754 491 1816 (lirae,
504 1758 572 1822 quet
582 1756 663 1806 nocte
672 1755 747 1806 viros
759 1756 864 1822 peregit
873 1770 937 1818 una,

405 1834 449 1883 tot
458 1845 556 1897 verpas
566 1831 618 1882 tibi
629 1830 740 1881 dedicat
750 1830 883 1898 salignas.

596 1923 631 1962 ³5.
657 1920 789 1973 Priapus

405 1979 600 2043 Paedicebere,
611 1980 663 2043 fur,
674 1979 772 2031 semel:
793 1979 924 2030 sedidem

406 2055 431 2107 si
440 2071 554 2122 prensus
565 2054 649 2107 fueris
660 2055 713 2117 bis,
726 2055 877 2105 irrumabo.

407 2130 488 2192 Quod
498 2130 523 2181 si
532 2132 616 2181 tertia
626 2130 700 2182 furta
712 2131 850 2181 nrolicris:

405 2212 437 2257 ut
445 2221 562 2272 poenam
574 2207 680 2273 patiare
692 2211 719 2257 et
728 2204 799 2257 hauc
809 2212 837 2256 et
845 2204 933 2264 illem.

405 2275 848 2350 paedicaberisiminiaherisqire.

600 2372 635 2411 36.
660 2370 790 2424 Priapus.

369 2428 459 2483 Notas
470 2429 601 2481 habemus
613 2430 727 2496 quisque
739 2429 864 2495 corporis
875 2429 980 2481 format

370 2504 498 2557 Phoebus
511 2520 652 2556 comosus:
674 2504 807 2555 Hercules
821 2504 988 2555 lacertosus:

368 2579 507 2647 trahitque
518 2578 644 2630 Bacchus
654 2580 769 2646 virginis
779 2585 856 2630 tener
864 2579 995 2631 formam:

370 2656 496 2707 Minerva
506 2655 605 2722 glauco
617 2655 720 2705 lumine
731 2660 781 2717 est,
792 2653 885 2705 Venus
897 2660 988 2721 paeto.

368 2731 499 2783 Frontem
511 2736 639 2781 cruentos
649 2730 772 2780 Arcadas
782 2730 859 2781 vides
871 2729 990 2781 Faunos.

372 2805 463 2857 Habet
473 2806 600 2857 decentes
610 2806 721 2856 nuntius
732 2804 812 2856 deum
827 2805 948 2873 plantas:

369 2882 456 2933 tutela
465 2879 563 2932 Lemni
574 2880 700 2947 dispares
710 2888 803 2933 movet
810 2896 932 2949 gressus:

368 2958 481 3011 intonsa
489 2972 599 3025 semper
607 2956 949 3029 Aesculapiuharhsestz

1047 403 1097 456 391
