<?xml version="1.0" encoding="UTF-8"?>
<!DOCTYPE html PUBLIC "-//W3C//DTD XHTML 1.0 Transitional//EN"
    "http://www.w3.org/TR/xhtml1/DTD/xhtml1-transitional.dtd">
<html xmlns="http://www.w3.org/1999/xhtml" xml:lang="en" lang="en">
 <head>
  <title>
</title>
<meta http-equiv="Content-Type" content="text/html;charset=utf-8" />
  <meta name='ocr-system' content='tesseract 3.04.00' />
  <meta name='ocr-capabilities' content='ocr_page ocr_carea ocr_par ocr_line ocrx_word'/>
</head>
<body>
  <div class='ocr_page' id='page_1' title='image "./mvaleriimartial03martgoog_0111.png"; bbox 0 0 2750 3450; ppageno 0'>
   <div class='ocr_carea' id='block_1_1' title="bbox 327 443 823 493">
    <p class='ocr_par' dir='ltr' id='par_1_1' title="bbox 327 443 823 493">
     <span class='ocr_line' id='line_1_1' title="bbox 327 443 823 493; baseline -0.002 -1"><span class='ocrx_word' id='word_1_1' title='bbox 327 447 374 493; x_wconf 76' lang='lat'><strong>102</strong></span> <span class='ocrx_word' id='word_1_2' title='bbox 610 443 823 491; x_wconf 69' lang='lat' dir='ltr'><strong>Marinianis</strong></span> 
     </span>
    </p>
   </div>
   <div class='ocr_carea' id='block_1_2' title="bbox 569 563 869 606">
    <p class='ocr_par' dir='ltr' id='par_1_2' title="bbox 569 563 869 606">
     <span class='ocr_line' id='line_1_2' title="bbox 569 563 869 606; baseline 0.003 -2"><span class='ocrx_word' id='word_1_3' title='bbox 569 565 603 604; x_wconf 70' lang='lat'><strong>47.</strong></span> <span class='ocrx_word' id='word_1_4' title='bbox 628 563 666 606; x_wconf 87' lang='lat' dir='ltr'><strong>De</strong></span> <span class='ocrx_word' id='word_1_5' title='bbox 681 563 869 605; x_wconf 76' lang='lat' dir='ltr'><strong>Phaethonte.</strong></span> 
     </span>
    </p>
   </div>
   <div class='ocr_carea' id='block_1_3' title="bbox 327 652 1041 796">
    <p class='ocr_par' dir='ltr' id='par_1_3' title="bbox 327 652 1041 796">
     <span class='ocr_line' id='line_1_3' title="bbox 327 652 1041 720; baseline 0.003 -13"><span class='ocrx_word' id='word_1_6' title='bbox 327 659 477 707; x_wconf 82' lang='lat' dir='ltr'><strong>Encaustus</strong></span> <span class='ocrx_word' id='word_1_7' title='bbox 488 652 627 706; x_wconf 82' lang='lat' dir='ltr'><strong>Phaethon</strong></span> <span class='ocrx_word' id='word_1_8' title='bbox 638 656 733 706; x_wconf 89' lang='lat' dir='ltr'><strong>tabula</strong></span> <span class='ocrx_word' id='word_1_9' title='bbox 743 656 866 720; x_wconf 83' lang='lat' dir='ltr'><strong>depictus</strong></span> <span class='ocrx_word' id='word_1_10' title='bbox 879 656 910 706; x_wconf 92' lang='lat' dir='ltr'><strong>in</strong></span> <span class='ocrx_word' id='word_1_11' title='bbox 920 655 978 708; x_wconf 82' lang='lat' dir='ltr'><strong>hae</strong></span> <span class='ocrx_word' id='word_1_12' title='bbox 988 662 1041 709; x_wconf 74' lang='lat' dir='ltr'><strong>est.</strong></span> 
     </span>
     <span class='ocr_line' id='line_1_4' title="bbox 367 728 1032 796; baseline 0.002 -15"><span class='ocrx_word' id='word_1_13' title='bbox 367 731 438 791; x_wconf 79' lang='lat' dir='ltr'><strong>Quid</strong></span> <span class='ocrx_word' id='word_1_14' title='bbox 448 730 499 780; x_wconf 89' lang='lat' dir='ltr'><strong>tibi</strong></span> <span class='ocrx_word' id='word_1_15' title='bbox 509 731 559 791; x_wconf 91' lang='lat' dir='ltr'><strong>vis,</strong></span> <span class='ocrx_word' id='word_1_16' title='bbox 570 730 687 796; x_wconf 88' lang='lat' dir='ltr'><strong>dipyron</strong></span> <span class='ocrx_word' id='word_1_17' title='bbox 699 731 745 795; x_wconf 92' lang='lat' dir='ltr'><strong>qui</strong></span> <span class='ocrx_word' id='word_1_18' title='bbox 755 728 930 780; x_wconf 81' lang='lat' dir='ltr'><strong>Phaethonta</strong></span> <span class='ocrx_word' id='word_1_19' title='bbox 938 731 1032 784; x_wconf 69' lang='lat' dir='ltr'><strong>facist</strong></span> 
     </span>
    </p>
   </div>
   <div class='ocr_carea' id='block_1_4' title="bbox 594 848 839 904">
    <p class='ocr_par' dir='ltr' id='par_1_4' title="bbox 594 848 839 904">
     <span class='ocr_line' id='line_1_5' title="bbox 594 848 839 904; baseline -0.012 -12"><span class='ocrx_word' id='word_1_20' title='bbox 594 854 627 892; x_wconf 77' lang='grc'><strong>48.</strong></span> <span class='ocrx_word' id='word_1_21' title='bbox 652 851 683 892; x_wconf 90' lang='lat' dir='ltr'><strong>In</strong></span> <span class='ocrx_word' id='word_1_22' title='bbox 703 848 839 904; x_wconf 82' lang='lat' dir='ltr'><strong>Papilum.</strong></span> 
     </span>
    </p>
   </div>
   <div class='ocr_carea' id='block_1_5' title="bbox 327 943 1023 1232">
    <p class='ocr_par' dir='ltr' id='par_1_5' title="bbox 327 943 1023 1232">
     <span class='ocr_line' id='line_1_6' title="bbox 328 943 934 1011; baseline -0.007 -15"><span class='ocrx_word' id='word_1_23' title='bbox 328 946 433 997; x_wconf 83' lang='lat' dir='ltr'>Percidi</span> <span class='ocrx_word' id='word_1_24' title='bbox 445 944 560 1011; x_wconf 85' lang='lat' dir='ltr'><strong>gaudes:</strong></span> <span class='ocrx_word' id='word_1_25' title='bbox 575 944 705 1008; x_wconf 81' lang='lat' dir='ltr'><strong>percisos,</strong></span> <span class='ocrx_word' id='word_1_26' title='bbox 716 943 819 1008; x_wconf 80' lang='lat' dir='ltr'><strong>Papile,</strong></span> <span class='ocrx_word' id='word_1_27' title='bbox 829 943 934 1008; x_wconf 85' lang='lat' dir='ltr'><strong>ploras.</strong></span> 
     </span>
     <span class='ocr_line' id='line_1_7' title="bbox 365 1016 946 1084; baseline -0.003 -15"><span class='ocrx_word' id='word_1_28' title='bbox 365 1021 425 1081; x_wconf 89' lang='lat' dir='ltr'><strong>Cur,</strong></span> <span class='ocrx_word' id='word_1_29' title='bbox 437 1034 505 1084; x_wconf 88' lang='lat' dir='ltr'><strong>quae</strong></span> <span class='ocrx_word' id='word_1_30' title='bbox 515 1020 556 1067; x_wconf 86' lang='lat' dir='ltr'><strong>vis</strong></span> <span class='ocrx_word' id='word_1_31' title='bbox 566 1017 633 1079; x_wconf 83' lang='lat' dir='ltr'><strong>fieri,</strong></span> <span class='ocrx_word' id='word_1_32' title='bbox 647 1016 752 1081; x_wconf 86' lang='lat' dir='ltr'><strong>Papiie,</strong></span> <span class='ocrx_word' id='word_1_33' title='bbox 765 1016 839 1069; x_wconf 85' lang='lat' dir='ltr'><strong>facta</strong></span> <span class='ocrx_word' id='word_1_34' title='bbox 849 1016 946 1069; x_wconf 69' lang='lat' dir='ltr'><strong>doles!</strong></span> 
     </span>
     <span class='ocr_line' id='line_1_8' title="bbox 327 1090 1023 1158; baseline -0.004 -12"><span class='ocrx_word' id='word_1_35' title='bbox 327 1096 451 1145; x_wconf 89' lang='lat' dir='ltr'><strong>Poenitet</strong></span> <span class='ocrx_word' id='word_1_36' title='bbox 462 1094 612 1142; x_wconf 83' lang='lat' dir='ltr'><strong>obscoenae</strong></span> <span class='ocrx_word' id='word_1_37' title='bbox 623 1090 786 1157; x_wconf 81' lang='lat' dir='ltr'><strong>pruriginisi</strong></span> <span class='ocrx_word' id='word_1_38' title='bbox 806 1107 840 1141; x_wconf 90' lang='lat' dir='ltr'><strong>an</strong></span> <span class='ocrx_word' id='word_1_39' title='bbox 849 1092 939 1158; x_wconf 78' lang='lat' dir='ltr'><strong>magis</strong></span> <span class='ocrx_word' id='word_1_40' title='bbox 949 1091 1023 1143; x_wconf 83' lang='lat' dir='ltr'><strong>iliud</strong></span> 
     </span>
     <span class='ocr_line' id='line_1_9' title="bbox 364 1164 893 1232; baseline -0.008 -14"><span class='ocrx_word' id='word_1_41' title='bbox 364 1169 420 1230; x_wconf 81' lang='lat' dir='ltr'><strong>iles,</strong></span> <span class='ocrx_word' id='word_1_42' title='bbox 436 1167 508 1232; x_wconf 91' lang='lat' dir='ltr'><strong>quod</strong></span> <span class='ocrx_word' id='word_1_43' title='bbox 518 1166 629 1231; x_wconf 81' lang='lat' dir='ltr'><strong>persidi,</strong></span> <span class='ocrx_word' id='word_1_44' title='bbox 645 1165 749 1231; x_wconf 83' lang='lat' dir='ltr'><strong>Papile,</strong></span> <span class='ocrx_word' id='word_1_45' title='bbox 764 1164 893 1216; x_wconf 74' lang='lat' dir='ltr'><strong>desierint</strong></span> 
     </span>
    </p>
   </div>
   <div class='ocr_carea' id='block_1_6' title="bbox 591 1292 846 1336">
    <p class='ocr_par' dir='ltr' id='par_1_6' title="bbox 591 1292 846 1336">
     <span class='ocr_line' id='line_1_10' title="bbox 591 1292 846 1336; baseline -0.008 0"><span class='ocrx_word' id='word_1_46' title='bbox 591 1298 626 1336; x_wconf 78' lang='lat'><strong>49.</strong></span> <span class='ocrx_word' id='word_1_47' title='bbox 651 1294 691 1336; x_wconf 76' lang='lat' dir='ltr'><strong>Ad</strong></span> <span class='ocrx_word' id='word_1_48' title='bbox 709 1292 846 1336; x_wconf 79' lang='lat' dir='ltr'><strong>Flaccum.</strong></span> 
     </span>
    </p>
   </div>
   <div class='ocr_carea' id='block_1_7' title="bbox 326 1386 1082 2122">
    <p class='ocr_par' dir='ltr' id='par_1_7' title="bbox 328 1386 1082 1531">
     <span class='ocr_line' id='line_1_11' title="bbox 328 1386 1082 1453; baseline -0.001 -11"><span class='ocrx_word' id='word_1_49' title='bbox 328 1393 431 1452; x_wconf 79' lang='lat' dir='ltr'><strong>Nescis,</strong></span> <span class='ocrx_word' id='word_1_50' title='bbox 442 1390 520 1440; x_wconf 86' lang='lat' dir='ltr'><strong>crede</strong></span> <span class='ocrx_word' id='word_1_51' title='bbox 530 1386 604 1450; x_wconf 89' lang='lat' dir='ltr'><strong>mihi,</strong></span> <span class='ocrx_word' id='word_1_52' title='bbox 616 1389 681 1453; x_wconf 87' lang='lat' dir='ltr'><strong>qnid</strong></span> <span class='ocrx_word' id='word_1_53' title='bbox 691 1389 746 1438; x_wconf 86' lang='lat' dir='ltr'><strong>sint</strong></span> <span class='ocrx_word' id='word_1_54' title='bbox 756 1388 964 1452; x_wconf 80' lang='lat' dir='ltr'><strong>epigrammata,</strong></span> <span class='ocrx_word' id='word_1_55' title='bbox 974 1387 1082 1451; x_wconf 70' lang='lat' dir='ltr'><strong>Flacco,</strong></span> 
     </span>
     <span class='ocr_line' id='line_1_12' title="bbox 365 1462 911 1531; baseline -0.009 -16"><span class='ocrx_word' id='word_1_56' title='bbox 365 1467 410 1531; x_wconf 88' lang='lat' dir='ltr'><strong>qui</strong></span> <span class='ocrx_word' id='word_1_57' title='bbox 421 1471 524 1514; x_wconf 86' lang='lat' dir='ltr'><strong>tantum</strong></span> <span class='ocrx_word' id='word_1_58' title='bbox 534 1465 608 1513; x_wconf 88' lang='lat' dir='ltr'><strong>lusus</strong></span> <span class='ocrx_word' id='word_1_59' title='bbox 618 1462 667 1511; x_wconf 85' lang='lat' dir='ltr'><strong>illa</strong></span> <span class='ocrx_word' id='word_1_60' title='bbox 676 1463 807 1526; x_wconf 88' lang='lat' dir='ltr'><strong>iocosque</strong></span> <span class='ocrx_word' id='word_1_61' title='bbox 823 1467 911 1525; x_wconf 86' lang='lat' dir='ltr'><strong>putas.</strong></span> 
     </span>
    </p>

    <p class='ocr_par' dir='ltr' id='par_1_8' title="bbox 328 1534 1008 1675">
     <span class='ocr_line' id='line_1_13' title="bbox 328 1534 936 1605; baseline -0.005 -16"><span class='ocrx_word' id='word_1_62' title='bbox 328 1542 375 1589; x_wconf 83' lang='lat' dir='ltr'><strong>iilo</strong></span> <span class='ocrx_word' id='word_1_63' title='bbox 387 1540 473 1605; x_wconf 84' lang='lat' dir='ltr'><strong>magis</strong></span> <span class='ocrx_word' id='word_1_64' title='bbox 484 1538 560 1599; x_wconf 89' lang='lat' dir='ltr'><strong>ludit,</strong></span> <span class='ocrx_word' id='word_1_65' title='bbox 572 1538 617 1603; x_wconf 87' lang='lat' dir='ltr'><strong>qui</strong></span> <span class='ocrx_word' id='word_1_66' title='bbox 629 1536 725 1586; x_wconf 84' lang='lat' dir='ltr'><strong>scribit</strong></span> <span class='ocrx_word' id='word_1_67' title='bbox 735 1534 850 1600; x_wconf 83' lang='lat' dir='ltr'><strong>prandia</strong></span> <span class='ocrx_word' id='word_1_68' title='bbox 859 1537 936 1586; x_wconf 89' lang='lat' dir='ltr'><strong>saevi</strong></span> 
     </span>
     <span class='ocr_line' id='line_1_14' title="bbox 364 1607 1008 1675; baseline 0 -13"><span class='ocrx_word' id='word_1_69' title='bbox 364 1615 475 1674; x_wconf 78' lang='lat' dir='ltr'><strong>Tereos,</strong></span> <span class='ocrx_word' id='word_1_70' title='bbox 492 1618 538 1661; x_wconf 88' lang='lat' dir='ltr'><strong>ant</strong></span> <span class='ocrx_word' id='word_1_71' title='bbox 548 1626 669 1672; x_wconf 82' lang='lat' dir='ltr'><strong>coenam,</strong></span> <span class='ocrx_word' id='word_1_72' title='bbox 681 1610 762 1660; x_wconf 85' lang='lat' dir='ltr'><strong>crude</strong></span> <span class='ocrx_word' id='word_1_73' title='bbox 773 1607 904 1675; x_wconf 79' lang='lat' dir='ltr'><strong>Thyesta,</strong></span> <span class='ocrx_word' id='word_1_74' title='bbox 914 1616 1008 1675; x_wconf 81' lang='lat' dir='ltr'><strong>tnann3</strong></span> 
     </span>
    </p>

    <p class='ocr_par' dir='ltr' id='par_1_9' title="bbox 327 1683 985 1828">
     <span class='ocr_line' id='line_1_15' title="bbox 327 1683 985 1754; baseline 0 -16"><span class='ocrx_word' id='word_1_75' title='bbox 327 1695 374 1738; x_wconf 78' lang='lat' dir='ltr'><strong>arn</strong></span> <span class='ocrx_word' id='word_1_76' title='bbox 383 1702 466 1754; x_wconf 79' lang='lat' dir='ltr'><strong>puero</strong></span> <span class='ocrx_word' id='word_1_77' title='bbox 479 1686 598 1753; x_wconf 86' lang='lat' dir='ltr'><strong>liquidas</strong></span> <span class='ocrx_word' id='word_1_78' title='bbox 609 1690 745 1751; x_wconf 81' lang='lat' dir='ltr'><strong>aptantem</strong></span> <span class='ocrx_word' id='word_1_79' title='bbox 756 1683 902 1736; x_wconf 83' lang='lat' dir='ltr'><strong>Daedalon</strong></span> <span class='ocrx_word' id='word_1_80' title='bbox 912 1685 985 1750; x_wconf 82' lang='lat' dir='ltr'><strong>alas,</strong></span> 
     </span>
     <span class='ocr_line' id='line_1_16' title="bbox 364 1758 979 1828; baseline 0 -16"><span class='ocrx_word' id='word_1_81' title='bbox 364 1768 515 1828; x_wconf 83' lang='lat' dir='ltr'><strong>pascentem</strong></span> <span class='ocrx_word' id='word_1_82' title='bbox 528 1761 633 1812; x_wconf 86' lang='lat' dir='ltr'><strong>Siculas</strong></span> <span class='ocrx_word' id='word_1_83' title='bbox 644 1766 691 1810; x_wconf 88' lang='lat' dir='ltr'><strong>aut</strong></span> <span class='ocrx_word' id='word_1_84' title='bbox 699 1758 887 1826; x_wconf 81' lang='lat' dir='ltr'><strong>Polyphemon</strong></span> <span class='ocrx_word' id='word_1_85' title='bbox 902 1775 979 1813; x_wconf 84' lang='lat' dir='ltr'><strong>oves.</strong></span> 
     </span>
    </p>

    <p class='ocr_par' dir='ltr' id='par_1_10' title="bbox 326 1833 948 1975">
     <span class='ocr_line' id='line_1_17' title="bbox 326 1833 939 1901; baseline -0.005 -14"><span class='ocrx_word' id='word_1_86' title='bbox 326 1840 347 1887; x_wconf 86' lang='grc' dir='ltr'><strong>Λ</strong></span> <span class='ocrx_word' id='word_1_87' title='bbox 358 1838 457 1887; x_wconf 85' lang='lat' dir='ltr'><strong>nostris</strong></span> <span class='ocrx_word' id='word_1_88' title='bbox 468 1836 561 1901; x_wconf 81' lang='lat' dir='ltr'><strong>procui</strong></span> <span class='ocrx_word' id='word_1_89' title='bbox 573 1842 614 1886; x_wconf 89' lang='lat' dir='ltr'><strong>est</strong></span> <span class='ocrx_word' id='word_1_90' title='bbox 625 1836 712 1885; x_wconf 86' lang='lat' dir='ltr'><strong>omnis</strong></span> <span class='ocrx_word' id='word_1_91' title='bbox 723 1837 814 1885; x_wconf 84' lang='lat' dir='ltr'><strong>vesica</strong></span> <span class='ocrx_word' id='word_1_92' title='bbox 824 1833 939 1884; x_wconf 56' lang='lat' dir='ltr'><strong>libellis</strong></span> 
     </span>
     <span class='ocr_line' id='line_1_18' title="bbox 364 1911 948 1975; baseline -0.007 -14"><span class='ocrx_word' id='word_1_93' title='bbox 364 1912 443 1961; x_wconf 84' lang='lat' dir='ltr'><strong>Musa</strong></span> <span class='ocrx_word' id='word_1_94' title='bbox 453 1926 502 1960; x_wconf 88' lang='lat' dir='ltr'><strong>nec</strong></span> <span class='ocrx_word' id='word_1_95' title='bbox 511 1911 607 1960; x_wconf 85' lang='lat' dir='ltr'><strong>insano</strong></span> <span class='ocrx_word' id='word_1_96' title='bbox 619 1914 738 1975; x_wconf 87' lang='lat' dir='ltr'><strong>syrmate</strong></span> <span class='ocrx_word' id='word_1_97' title='bbox 748 1915 843 1959; x_wconf 85' lang='lat' dir='ltr'><strong>nostra</strong></span> <span class='ocrx_word' id='word_1_98' title='bbox 853 1914 948 1959; x_wconf 85' lang='lat' dir='ltr'><strong>tumet.</strong></span> 
     </span>
    </p>

    <p class='ocr_par' dir='ltr' id='par_1_11' title="bbox 329 1982 1001 2122">
     <span class='ocr_line' id='line_1_19' title="bbox 329 1982 1001 2045; baseline 0.003 -12"><span class='ocrx_word' id='word_1_99' title='bbox 329 1986 378 2036; x_wconf 87' lang='lat' dir='ltr'><strong>iiia</strong></span> <span class='ocrx_word' id='word_1_100' title='bbox 387 1993 476 2035; x_wconf 72' lang='lat' dir='ltr'><strong>tannen</strong></span> <span class='ocrx_word' id='word_1_101' title='bbox 486 1984 598 2034; x_wconf 88' lang='lat' dir='ltr'><strong>laudant</strong></span> <span class='ocrx_word' id='word_1_102' title='bbox 609 1999 710 2045; x_wconf 88' lang='lat' dir='ltr'><strong>ornnes,</strong></span> <span class='ocrx_word' id='word_1_103' title='bbox 720 1984 860 2044; x_wconf 86' lang='lat' dir='ltr'><strong>mirantur,</strong></span> <span class='ocrx_word' id='word_1_104' title='bbox 871 1982 1001 2035; x_wconf 83' lang='lat' dir='ltr'><strong>adorant.</strong></span> 
     </span>
     <span class='ocr_line' id='line_1_20' title="bbox 365 2057 942 2122; baseline -0.003 -14"><span class='ocrx_word' id='word_1_105' title='bbox 365 2060 514 2110; x_wconf 83' lang='lat' dir='ltr'><strong>Confiteor:</strong></span> <span class='ocrx_word' id='word_1_106' title='bbox 529 2058 642 2107; x_wconf 87' lang='lat' dir='ltr'><strong>laudant</strong></span> <span class='ocrx_word' id='word_1_107' title='bbox 651 2058 709 2112; x_wconf 82' lang='lat' dir='ltr'><strong>iiia.</strong></span> <span class='ocrx_word' id='word_1_108' title='bbox 720 2057 767 2108; x_wconf 87' lang='lat' dir='ltr'><strong>sed</strong></span> <span class='ocrx_word' id='word_1_109' title='bbox 777 2059 832 2108; x_wconf 86' lang='lat' dir='ltr'><strong>ista</strong></span> <span class='ocrx_word' id='word_1_110' title='bbox 841 2057 942 2122; x_wconf 80' lang='lat' dir='ltr'><strong>legunt.</strong></span> 
     </span>
    </p>
   </div>
   <div class='ocr_carea' id='block_1_8' title="bbox 593 2187 842 2231">
    <p class='ocr_par' dir='ltr' id='par_1_12' title="bbox 593 2187 842 2231">
     <span class='ocr_line' id='line_1_21' title="bbox 593 2187 842 2231; baseline 0.016 -3"><span class='ocrx_word' id='word_1_111' title='bbox 593 2191 625 2228; x_wconf 88' lang='lat'><strong>50.</strong></span> <span class='ocrx_word' id='word_1_112' title='bbox 649 2187 680 2229; x_wconf 91' lang='lat' dir='ltr'><strong>ln</strong></span> <span class='ocrx_word' id='word_1_113' title='bbox 699 2188 842 2231; x_wconf 74' lang='lat' dir='ltr'><strong>Thaidem.</strong></span> 
     </span>
    </p>
   </div>
   <div class='ocr_carea' id='block_1_9' title="bbox 418 2279 1000 2418">
    <p class='ocr_par' dir='ltr' id='par_1_13' title="bbox 418 2279 1000 2418">
     <span class='ocr_line' id='line_1_22' title="bbox 419 2279 968 2343; baseline 0.004 -13"><span class='ocrx_word' id='word_1_114' title='bbox 419 2281 490 2341; x_wconf 76' lang='lat' dir='ltr'><strong>Quid</strong></span> <span class='ocrx_word' id='word_1_115' title='bbox 502 2296 552 2341; x_wconf 87' lang='lat' dir='ltr'><strong>me,</strong></span> <span class='ocrx_word' id='word_1_116' title='bbox 563 2279 643 2343; x_wconf 87' lang='lat' dir='ltr'><strong>Thai,</strong></span> <span class='ocrx_word' id='word_1_117' title='bbox 654 2297 744 2332; x_wconf 87' lang='lat' dir='ltr'><strong>senem</strong></span> <span class='ocrx_word' id='word_1_118' title='bbox 754 2282 868 2332; x_wconf 83' lang='lat' dir='ltr'><strong>subinde</strong></span> <span class='ocrx_word' id='word_1_119' title='bbox 879 2281 968 2333; x_wconf 71' lang='lat' dir='ltr'><strong>dieis!</strong></span> 
     </span>
     <span class='ocr_line' id='line_1_23' title="bbox 418 2354 1000 2418; baseline 0.003 -12"><span class='ocrx_word' id='word_1_120' title='bbox 418 2356 442 2406; x_wconf 86' lang='lat' dir='ltr'>N</span> <span class='ocrx_word' id='word_1_121' title='bbox 445 2371 504 2406; x_wconf 79' lang='lat' dir='ltr'><strong>enno</strong></span> <span class='ocrx_word' id='word_1_122' title='bbox 515 2361 565 2417; x_wconf 90' lang='lat' dir='ltr'><strong>est,</strong></span> <span class='ocrx_word' id='word_1_123' title='bbox 576 2354 656 2418; x_wconf 91' lang='lat' dir='ltr'><strong>Thai,</strong></span> <span class='ocrx_word' id='word_1_124' title='bbox 668 2371 750 2406; x_wconf 84' lang='lat' dir='ltr'><strong>senex</strong></span> <span class='ocrx_word' id='word_1_125' title='bbox 760 2356 794 2406; x_wconf 89' lang='lat' dir='ltr'><strong>ad</strong></span> <span class='ocrx_word' id='word_1_126' title='bbox 803 2357 1000 2408; x_wconf 84' lang='lat' dir='ltr'><strong>irrumandrnn.</strong></span> 
     </span>
    </p>
   </div>
   <div class='ocr_carea' id='block_1_10' title="bbox 561 2476 878 2519">
    <p class='ocr_par' dir='ltr' id='par_1_14' title="bbox 561 2476 878 2519">
     <span class='ocr_line' id='line_1_24' title="bbox 561 2476 878 2519; baseline -0.006 0"><span class='ocrx_word' id='word_1_127' title='bbox 561 2481 594 2519; x_wconf 79' lang='lat'><strong>⁵1.</strong></span> <span class='ocrx_word' id='word_1_128' title='bbox 619 2476 658 2518; x_wconf 76' lang='lat' dir='ltr'><strong>Ad</strong></span> <span class='ocrx_word' id='word_1_129' title='bbox 679 2476 878 2519; x_wconf 82' lang='lat' dir='ltr'><strong>Caecilianum.</strong></span> 
     </span>
    </p>
   </div>
   <div class='ocr_carea' id='block_1_11' title="bbox 329 2568 1059 2858">
    <p class='ocr_par' dir='ltr' id='par_1_15' title="bbox 330 2568 963 2709">
     <span class='ocr_line' id='line_1_25' title="bbox 330 2568 963 2635; baseline 0.006 -17"><span class='ocrx_word' id='word_1_130' title='bbox 330 2572 394 2620; x_wconf 85' lang='lat' dir='ltr'><strong>Cum</strong></span> <span class='ocrx_word' id='word_1_131' title='bbox 405 2571 456 2619; x_wconf 88' lang='lat' dir='ltr'><strong>tibi</strong></span> <span class='ocrx_word' id='word_1_132' title='bbox 466 2585 520 2620; x_wconf 93' lang='lat' dir='ltr'><strong>non</strong></span> <span class='ocrx_word' id='word_1_133' title='bbox 532 2576 621 2621; x_wconf 88' lang='lat' dir='ltr'><strong>essent</strong></span> <span class='ocrx_word' id='word_1_134' title='bbox 631 2586 678 2621; x_wconf 82' lang='lat' dir='ltr'><strong>sex</strong></span> <span class='ocrx_word' id='word_1_135' title='bbox 687 2571 784 2632; x_wconf 87' lang='lat' dir='ltr'><strong>millia,</strong></span> <span class='ocrx_word' id='word_1_136' title='bbox 795 2568 963 2635; x_wconf 74' lang='lat' dir='ltr'><strong>Caeciliano,</strong></span> 
     </span>
     <span class='ocr_line' id='line_1_26' title="bbox 364 2642 849 2709; baseline 0.004 -18"><span class='ocrx_word' id='word_1_137' title='bbox 364 2645 467 2708; x_wconf 86' lang='lat' dir='ltr'><strong>ingenti</strong></span> <span class='ocrx_word' id='word_1_138' title='bbox 477 2644 532 2694; x_wconf 89' lang='lat' dir='ltr'><strong>late</strong></span> <span class='ocrx_word' id='word_1_139' title='bbox 542 2651 633 2695; x_wconf 87' lang='lat' dir='ltr'><strong>vectus</strong></span> <span class='ocrx_word' id='word_1_140' title='bbox 644 2661 672 2695; x_wconf 87' lang='lat' dir='ltr'><strong>es</strong></span> <span class='ocrx_word' id='word_1_141' title='bbox 682 2642 849 2709; x_wconf 83' lang='lat' dir='ltr'><strong>hexaphoro.</strong></span> 
     </span>
    </p>

    <p class='ocr_par' dir='ltr' id='par_1_16' title="bbox 329 2718 1059 2858">
     <span class='ocr_line' id='line_1_27' title="bbox 329 2718 1059 2789; baseline 0.007 -22"><span class='ocrx_word' id='word_1_142' title='bbox 329 2718 474 2783; x_wconf 83' lang='lat' dir='ltr'><strong>Postquam</strong></span> <span class='ocrx_word' id='word_1_143' title='bbox 485 2718 528 2768; x_wconf 90' lang='lat' dir='ltr'><strong>bis</strong></span> <span class='ocrx_word' id='word_1_144' title='bbox 539 2719 629 2769; x_wconf 86' lang='lat' dir='ltr'><strong>decies</strong></span> <span class='ocrx_word' id='word_1_145' title='bbox 639 2719 734 2769; x_wconf 84' lang='lat' dir='ltr'><strong>tribuit</strong></span> <span class='ocrx_word' id='word_1_146' title='bbox 745 2720 796 2769; x_wconf 87' lang='lat' dir='ltr'><strong>dea</strong></span> <span class='ocrx_word' id='word_1_147' title='bbox 806 2734 897 2781; x_wconf 86' lang='lat' dir='ltr'><strong>caeca,</strong></span> <span class='ocrx_word' id='word_1_148' title='bbox 911 2720 1059 2789; x_wconf 77' lang='lat' dir='ltr'><strong>sinumque</strong></span> 
     </span>
     <span class='ocr_line' id='line_1_28' title="bbox 353 2793 959 2858; baseline -0.003 -17"><span class='ocrx_word' id='word_1_149' title='bbox 353 2799 490 2858; x_wconf 80' lang='lat' dir='ltr'><strong>rrrpernnt</strong></span> <span class='ocrx_word' id='word_1_150' title='bbox 498 2796 618 2846; x_wconf 86' lang='lat' dir='ltr'><strong>nummi:</strong></span> <span class='ocrx_word' id='word_1_151' title='bbox 636 2793 959 2855; x_wconf 69' lang='lat' dir='ltr'><strong>iaotnses‚eeee,oehes.</strong></span> 
     </span>
    </p>
   </div>
   <div class='ocr_carea' id='block_1_12' title="bbox 308 2862 1049 3012">
    <p class='ocr_par' dir='ltr' id='par_1_17' title="bbox 308 2862 1049 3012">
     <span class='ocr_line' id='line_1_29' title="bbox 308 2862 1049 2938; baseline -0.024 -12"><span class='ocrx_word' id='word_1_152' title='bbox 308 2867 386 2926; x_wconf 74' lang='lat' dir='ltr'><strong>Qtli&#39;d</strong></span> <span class='ocrx_word' id='word_1_153' title='bbox 399 2870 451 2921; x_wconf 86' lang='lat' dir='ltr'><strong>tihi</strong></span> <span class='ocrx_word' id='word_1_154' title='bbox 464 2886 518 2938; x_wconf 87' lang='lat' dir='ltr'><strong>pro</strong></span> <span class='ocrx_word' id='word_1_155' title='bbox 531 2874 647 2925; x_wconf 85' lang='lat' dir='ltr'><strong>meritis</strong></span> <span class='ocrx_word' id='word_1_156' title='bbox 658 2878 685 2922; x_wconf 85' lang='lat' dir='ltr'><strong>et</strong></span> <span class='ocrx_word' id='word_1_157' title='bbox 694 2864 929 2921; x_wconf 71' lang='lat' dir='ltr'><strong>tannsianaibns</strong></span> <span class='ocrx_word' id='word_1_158' title='bbox 937 2862 1049 2925; x_wconf 62' lang='lat' dir='ltr'><strong>entem</strong></span> 
     </span>
     <span class='ocr_line' id='line_1_30' title="bbox 331 2934 926 3012; baseline -0.03 -11"><span class='ocrx_word' id='word_1_159' title='bbox 331 2941 378 2992; x_wconf 74' lang='lat' dir='ltr'><strong>Dr·</strong></span> <span class='ocrx_word' id='word_1_160' title='bbox 389 2948 521 3003; x_wconf 81' lang='lat' dir='ltr'><strong>reddant</strong></span> <span class='ocrx_word' id='word_1_161' title='bbox 534 2951 656 3012; x_wconf 80' lang='lat' dir='ltr'><strong>sellam,</strong></span> <span class='ocrx_word' id='word_1_162' title='bbox 670 2934 926 2999; x_wconf 57' lang='lat' dir='ltr'><strong>eaeeibanenibi.</strong></span> 
     </span>
    </p>
   </div>
   <div class='ocr_carea' id='block_1_13' title="bbox 0 0 1385 3450">
    <p class='ocr_par' dir='ltr' id='par_1_18' title="bbox 0 0 1385 3450">
     <span class='ocr_line' id='line_1_31' title="bbox 0 0 1385 3450; baseline 0 0"><span class='ocrx_word' id='word_1_163' title='bbox 0 0 1385 3450; x_wconf 95' lang='lat' dir='ltr'><strong> </strong></span> 
     </span>
    </p>
   </div>
  </div>
 </body>
</html>
