2750 3450
321 419 354 469 54
610 419 825 465 MARTlALIS

580 541 614 580 46.
638 537 669 579 ln
687 536 849 579 Naevolnm.

324 631 436 681 l‘lorida
446 647 493 696 per
502 631 594 682 varios
605 637 635 680 nt
643 632 765 697 pingitur
774 631 869 696 Hybla
882 631 1003 699 coloreo,

361 721 420 754 cum
429 705 510 756 breve
523 705 649 756 Sicaniae
659 720 705 755 ver
715 706 879 770 populantur
893 720 973 771 apes;

323 781 363 829 sic
372 786 420 829 tua
431 781 580 845 suppositis
590 780 729 846 perlucent
739 780 833 844 praela
843 780 974 830 lacernisr

361 855 401 903 sic
410 856 493 904 micat
502 855 650 905 innumeris
661 854 755 904 arcula
766 852 951 919 'synthesibua

323 929 410 993 Atque
419 944 499 978 unam
510 930 610 979 vestire
619 929 720 979 tribum
730 934 779 979 trra
789 927 906 978 candida
916 934 1047 994 possunt,
1085 920 1088 931 ¹

360 1003 448 1068 Apula
458 1019 512 1053 non
523 1018 577 1053 nno
588 1017 658 1069 quae
667 1018 749 1069 grego
759 1009 833 1052 terra
841 1002 913 1053 tulit.

323 1077 367 1126 'l'u
377 1085 484 1143 spectas
498 1076 611 1128 hiemem
622 1078 753 1126 succincti
763 1076 851 1127 lentus
862 1076 954 1139 amici,

361 1155 422 1217 (pro
434 1150 552 1214 seclusi)
572 1158 600 1200 ct
609 1152 704 1201 lateris
714 1150 817 1218 lrigore
828 1152 895 1201 trita
904 1150 967 1201 mai.

324 1225 460 1285 Quantum
472 1232 539 1288 erat,
550 1226 653 1285 infelix,
665 1226 762 1290 pannis
773 1224 900 1276 fraudare
911 1225 1021 1277 duobus

361 1300 439 1366 (quid
449 1299 575 1364 renuisl)
595 1316 649 1350 non
660 1306 696 1362 tc,
706 1299 730 1350 N
733 1301 837 1363 novole,
847 1299 896 1350 sed
905 1298 1014 1351 finecs!

605 1408 639 1446 tr.
663 1404 695 1446 In
713 1402 831 1446 Gallum.

324 1487 447 1538 Subdola
456 1487 588 1553 famosae,
598 1504 707 1551 moneo,
721 1487 785 1555 iuge
795 1489 865 1539 retia
875 1487 1018 1554 moechae,

361 1563 448 1614 levior
458 1579 475 1615 o
486 1562 605 1626 conchis,
618 1562 706 1625 Galle,
718 1561 899 1629 Cytheriacis.

324 1637 447 1688 Confidis
457 1636 581 1688 natibusl
600 1637 662 1690 Non
673 1643 715 1689 est
724 1638 840 1704 paedico
851 1637 974 1688 meritur.

363 1711 439 1772 Qirae
449 1713 543 1777 faciat,
554 1713 608 1768 duo
618 1719 694 1770 sunt:
714 1713 837 1775 irrumat,
849 1717 896 1763 aut
905 1710 999 1768 lutuit.

606 1823 641 1861 ts.
665 1819 704 1860 nd
723 1818 832 1860 Rufum.

434 1895 598 1963 Cauponem,
608 1895 775 1961 laniumque,
784 1895 974 1961 balneumqne,

432 1977 581 2032 tonsorem,
591 1970 776 2036 tabulamque,
790 1969 975 2035 calculosque,

433 2051 460 2095 et
469 2060 582 2110 paucos,
593 2043 641 2093 aed
652 2048 683 2093 ut
692 2043 801 2110 eligam,
811 2043 935 2094 libellos:

432 2134 514 2169 unum
524 2133 578 2167 non
589 2117 701 2167 nimium
711 2118 805 2168 rudem
817 2118 950 2182 sodalem,

433 2199 459 2243 et
471 2207 560 2242 caram
573 2206 656 2257 puero
667 2207 728 2242 meo
739 2193 867 2258 puellam,

432 2271 460 2317 et
468 2266 596 2333 grandem
608 2280 729 2331 puerum,
741 2266 842 2333 diuque
855 2267 954 2317 levem:

432 2339 500 2392 haec
509 2345 618 2407 praesta
627 2338 703 2402 milli,
714 2340 792 2403 Rufe,
801 2342 845 2392 vel
854 2340 974 2401 Bitonti3

431 2421 460 2466 et
468 2414 587 2466 thermas
597 2414 649 2466 tibi
659 2413 729 2467 habe
739 2415 921 2467 Neronianas.

577 2523 612 2562 49.
637 2520 676 2562 De
698 2519 864 2562 Thelarina.

326 2599 444 2647 Uxorem
455 2596 520 2647 nolo
532 2594 706 2647 Thelcsinam
718 2596 825 2648 ducere.
847 2594 955 2655 Quare?

363 2668 480 2721 Moecha
491 2676 539 2720 cst.
561 2668 614 2721 Sed
625 2672 717 2738 pueris
729 2671 776 2722 dat
786 2669 941 2722 Thelesina.
963 2668 1047 2724 Volo.

591 2781 626 2822 ⁵0.
653 2778 684 2824 ln
705 2777 851 2821 linthium.

288 2841 378 2897 Qtrod
383 2847 483 2916 fellas,
495 2860 527 2906 et
536 2872 647 2928 aquarn
658 2866 759 2931 potas,
769 2856 824 2923 nil,
833 2852 957 2915 bachio,
969 2864 1096 2917 peecata

272 2927 367 3055 nque
381 2922 439 2976 tibi
445 2937 540 2996 Parte
553 2953 633 3008 opus
646 2948 703 3007 est,
716 2936 849 3001 Lesbia,
861 2928 958 2988 eumin
968 2936 1092 2991 anxiam.
