2750 3450
456 312 459 335 :
698 294 707 335 f

459 359 776 452 ammasuujnum
801 382 871 428 nra.
899 385 918 429 1.
1055 384 1084 432 ιι

569 503 588 544 l.
613 498 652 541 Ad
673 499 814 545 Catonem.

367 585 472 646 Nosses
483 594 596 646 iocosae
608 593 687 644 dulce
700 611 760 645 cum
770 611 877 647 sacrum
886 597 996 660 Florae,

364 668 505 735 festosque
514 669 599 731 lusus,
609 674 639 719 et
646 668 785 720 licentiam
794 671 882 739 vulgi:

366 759 415 796 our
423 745 453 794 iu
464 742 608 806 theatrum,
625 743 694 795 Cato
705 759 806 808 severe,
816 744 932 797 venisti!

364 819 406 872 An
414 819 478 870 ideo
488 823 593 869 tantum
604 833 727 882 veneras,
736 825 767 870 ut
776 819 881 871 exiresl

567 944 588 982 2.
613 938 651 981 dd
667 938 811 984 lectorem.

365 1034 421 1086 Hic
430 1040 473 1086 est
482 1049 560 1101 quem
570 1034 649 1101 legis,
664 1034 713 1086 ille
724 1050 803 1101 quem
814 1036 940 1102 requiris,

363 1115 425 1163 toto
436 1115 517 1161 notus
527 1110 556 1159 in
567 1109 633 1160 orbe
642 1108 781 1161 Martialis

365 1185 470 1252 argutis
480 1185 695 1251 epigrammaton
705 1185 820 1235 libellis:

365 1261 419 1323 cui,
430 1260 518 1310 lector
527 1259 659 1321 studiose,
675 1260 749 1325 quod
760 1259 861 1310 dedisti

361 1335 465 1388 viventi
475 1334 556 1384 decors
567 1339 648 1401 atque
662 1335 799 1397 sentienti,

363 1411 421 1462 rari
431 1415 496 1476 post
506 1409 609 1460 cineres
620 1407 722 1460 habent
730 1415 838 1477 poetae.

414 1534 435 1573 3.
459 1530 499 1572 dd
513 1528 662 1582 lectorem,
682 1532 729 1573 nli
748 1530 819 1574 libri
833 1529 957 1573 venales.

290 1623 348 1686 oui
356 1628 445 1674 tecum
457 1625 533 1690 cupis
544 1640 603 1676 esse
613 1640 689 1677 meos
699 1625 853 1691 ubicunque
863 1624 982 1688 libellos,

327 1703 356 1753 et
365 1699 479 1751 comites
490 1699 590 1767 longae
600 1700 711 1767 quaeris
721 1697 822 1751 habere
830 1701 902 1763 viae,

287 1773 419 1837 hosomo,
430 1790 499 1841 quos
511 1782 599 1825 arctat
610 1775 738 1830 brevibus
748 1776 905 1826 membrana
913 1774 1036 1844 tabellis:

326 1848 429 1900 scrinia
438 1850 474 1900 da
484 1843 652 1917 magnissme
662 1865 759 1900 manus
768 1865 823 1900 una
833 1851 915 1916 capit.

287 1922 331 1976 Ne
340 1930 432 1975 tamen
441 1924 560 1991 ignores,
570 1924 618 1974 nbi
628 1926 678 1975 sim
689 1924 803 1987 venalis,
817 1932 845 1975 et
856 1940 929 1975 erres

325 1999 393 2049 urbe
405 2013 489 2065 vagus
496 1991 571 2050 tota:
592 2014 634 2050 me
645 2000 713 2050 duce
724 2005 812 2050 certus
822 2000 885 2050 eris.

286 2072 432 2125 Libertum
442 2074 516 2126 doeti
526 2074 659 2125 Lucensis
670 2089 770 2141 quaere
780 2072 943 2137 Secundum,

324 2148 422 2199 limina
431 2155 495 2215 post
503 2148 584 2200 Pacis
594 2149 802 2216 Palladiumque
811 2148 911 2201 forum.

535 2282 556 2322 4.
580 2277 620 2321 Ad
635 2276 737 2321 librum
753 2293 836 2322 suurn.

287 2370 462 2439 Argiletanas
472 2373 559 2424 mavis
568 2370 694 2424 habitare
704 2373 840 2436 tabernas,

327 2462 387 2497 oum
399 2447 460 2510 tibi,
471 2463 554 2515 parve
564 2448 642 2510 liber,
653 2448 756 2498 scrinia
765 2454 862 2499 nostra
871 2445 983 2499 vacanti

287 2519 395 2583 Nescis,
407 2519 468 2585 heu,
479 2523 568 2573 nescis
579 2523 707 2574 dominae
717 2521 832 2573 fastidia
843 2521 962 2588 Romae:

326 2596 406 2647 erede
416 2596 493 2660 mihi,
504 2598 616 2648 ninnium
627 2595 732 2647 Martia
740 2598 821 2647 turba
830 2598 913 2663 sapit.

286 2671 412 2723 Maiores
422 2686 556 2739 nusquam
566 2668 675 2731 ronchi3
685 2671 850 2738 iuvenesque
860 2686 992 2739 senesque

326 2752 354 2798 et
364 2746 443 2813 pueri
453 2761 550 2797 nasum
559 2744 742 2798 rhinocerotis
753 2743 862 2796 habent.

285 2821 415 2873 Audieris
426 2836 485 2871 cum
498 2822 601 2887 grande
611 2820 703 2877 σοφῶς,
723 2820 785 2871 dum
799 2821 879 2873 basia
890 2828 985 2888 captas

324 2897 380 2954 ibis
390 2896 425 2947 ab
437 2910 552 2949 excusso
562 2899 662 2950 missus
672 2896 702 2949 in
712 2902 789 2951 astra
798 2896 879 2967 sago.
894 2901 897 2909 “
