2750 3450
320 346 324 367 ¹
378 381 699 431 nerounumnuum
725 384 870 432 nruvn.
970 384 1020 435 187

493 509 527 550 93.
550 505 589 548 Ad
607 503 749 548 Narniam.

261 577 336 642 unia,
346 579 494 648 sulphureo
505 598 586 650 quam
597 583 704 652 gurgite
717 582 848 633 candidus
860 584 946 634 amnis

262 654 366 718 circuit,
378 658 494 724 ancipiti
503 659 550 709 vix
561 657 686 710 adeunda
696 657 771 723 iugo,

261 729 289 779 id
297 734 354 779 tam
365 746 448 798 saepe
461 748 548 784 meum
559 734 640 785 nobis
651 731 785 785 abducere
796 731 925 792 Quintmn

260 809 286 854 te
295 805 381 869 iuvat,
392 812 419 857 et
428 806 503 858 lenta
513 808 662 859 detinuisse
672 804 767 859 moral

261 879 295 930 rid
304 877 471 932 Nomentani
482 897 593 933 oausam
602 880 670 933 mihi
681 880 772 950 perdis
784 880 875 947 agelli,

261 960 372 1021 propter
380 956 498 1007 vicinum
508 958 555 1024 qui
564 958 701 1023 pretiosus
711 953 786 1004 erati

261 1029 343 1081 diam
354 1044 436 1097 parce
445 1029 521 1094 mihi,
531 1047 582 1083 neo
591 1032 713 1097 abutere,⁴
721 1027 835 1092 Narnia,
846 1028 963 1091 Quinto:

261 1111 390 1173 perpetuo
402 1107 485 1158 liceat
494 1108 536 1158 sic
545 1107 598 1157 tibi
608 1113 692 1174 ponte
701 1105 765 1160 frui.

500 1231 535 1272 94.
560 1230 600 1271 De
619 1228 732 1284 Papilo.

261 1328 391 1391 guentum
401 1321 499 1384 iuerat,
511 1323 584 1389 quod
596 1339 670 1390 onyx
683 1325 767 1377 modo
778 1341 863 1392 parva
872 1328 997 1395 gerebat.

261 1397 354 1449 olfecit
362 1403 507 1464 postquam
517 1397 640 1465 Paullus,
650 1415 714 1452 ecoe
723 1416 818 1468 garum
829 1407 878 1453 est.

512 1523 546 1564 95.
569 1520 600 1563 In
619 1520 723 1564 Linum.
741 1533 743 1539 ·

311 1613 414 1665 Bruma
423 1619 473 1678 est,
484 1620 512 1665 et
520 1616 590 1682 riget
599 1613 728 1666 horridus
738 1615 904 1680 Decembe13

312 1690 397 1742 audes
407 1695 536 1742 tutamen
548 1690 642 1743 osculo
654 1691 741 1743 nivali

312 1782 406 1817 omnes
418 1766 514 1817 obvius
524 1764 588 1817 hine
598 1772 626 1817 et
635 1765 699 1818 hinc
708 1773 809 1830 tenere,

312 1845 445 1903 ettotam,
456 1839 533 1905 Line,
544 1842 654 1892 basiare
664 1840 789 1893 Romam.

312 1914 386 1977 Quid
396 1917 488 1982 possis
497 1918 662 1984 graviusque
674 1918 837 1984 saeviusque

310 2005 454 2058 percussus
465 1991 564 2055 faeere,
576 1998 657 2058 atque
667 1992 842 2045 verberatus?

302 2065 374 2117 'lloo
384 2081 426 2117 me
435 2065 539 2133 frigore
549 2067 639 2118 basiet
647 2083 699 2118 nec
707 2083 789 2131 uxor,

308 2141 419 2192 blandis
429 2140 487 2191 filia
497 2156 547 2192 nec
555 2142 632 2193 rudis
643 2142 762 2195 labellis.

309 2213 364 2267 Sed
375 2222 404 2266 tu
415 2215 522 2266 dulcior
532 2216 748 2285 elegantiorque,

309 2292 387 2342 ossius
397 2291 483 2341 livido
492 2292 603 2343 naribus
615 2293 722 2345 caninis

308 2365 443 2431 dependet
452 2366 564 2434 glacies,
575 2368 700 2435 rigetque
708 2369 806 2433 barbo,

307 2440 417 2507 qualem
428 2440 569 2493 forficibus
579 2444 659 2492 metit
669 2444 775 2509 supinis
834 2500 836 2503 v

305 2522 405 2567 tonsor
415 2514 552 2583 Cinyphio
564 2516 637 2567 Cilix
646 2518 757 2567 marito.

307 2589 423 2642 Centum
434 2606 574 2642 occurrere
585 2591 658 2642 malo
669 2592 845 2661 cnnnilingls,

306 2670 336 2717 et
346 2663 456 2717 Gallum
465 2666 550 2717 timeo
561 2666 651 2716 minus
660 2671 805 2717 recentem.

307 2740 400 2803 Quare
410 2742 435 2792 si
443 2740 495 2791 tlbi
507 2756 602 2793 sensus
613 2747 663 2804 est,
677 2741 830 2808 pudorque,

305 2814 445 2879 hibernas,
456 2813 534 2879 Line,
544 2816 716 2867 basiationes

304 2891 336 2943 in
344 2905 465 2944 mensem
473 2906 543 2960 rogo
555 2890 666 2943 differas
676 2891 805 2960 Aprilem.
