2750 3450
368 334 418 384 loo
526 337 777 386 le'EllSORUlll
794 338 1012 397 ΡΟΕΤΑΒΠΜ

367 454 461 505 Altera
470 458 587 509 materia
597 463 639 508 est
649 473 726 508 error
735 456 857 507 fallentis
868 457 972 509 Ulixei:

406 527 437 580 Si
447 547 538 582 verum
551 547 681 598 quaeras,
695 529 766 582 hunc
776 546 885 598 quoqne
894 533 984 585 morit
995 549 1084 586 arnor.

367 603 442 655 Hinc
451 605 550 673 legitur
560 608 649 670 radix,
661 607 695 658 de
706 622 760 674 qua
770 606 821 658 llos
832 622 930 658 aurens
941 609 1015 671 exit3

406 695 484 746 quem
497 698 556 733 oum
568 682 644 748 moly
654 688 744 746 vocat,
756 682 877 733 mentula
886 682 965 750 moly
976 682 1039 734 fuit.

369 753 444 806 Hine
453 756 577 823 legimus,
590 757 686 807 Circen
697 756 935 823 Atlantiademque
946 757 1072 829 Calypso

405 832 521 896 grandia
530 830 653 884 Dulichii
663 848 730 883 vasa
740 833 841 899 petisse
849 832 911 882 viri.

368 903 458 956 Huius
471 914 498 956 et
508 907 616 959 Alcinoi
626 908 728 958 mirata
737 914 779 958 est
788 907 847 956 lilia
856 906 1006 957 membrum

405 979 542 1033 frondenti
552 998 629 1034 ramo
639 983 686 1033 vix
696 983 818 1049 potuisse
828 981 893 1048 tegi.

366 1055 408 1105 Ad
419 1057 536 1106 vetulam
547 1062 637 1108 tamen
645 1057 694 1108 ille
704 1072 779 1107 suam
788 1055 964 1122 properabat,
975 1061 1003 1107 et
1013 1057 1103 1108 omnis

404 1145 479 1190 mens
490 1132 585 1182 eratin
596 1147 694 1194 cunno,
704 1130 878 1196 Penelopeia,
889 1135 947 1180 tuo.

369 1203 445 1264 Quae
456 1207 496 1256 sio
507 1212 583 1256 easta
593 1223 695 1270 manes,
705 1206 800 1256 utiam
811 1206 938 1257 convivia
949 1207 1036 1258 visas:

404 1286 488 1347 utque
497 1281 647 1333 fututorum
659 1282 696 1332 sit
704 1286 752 1331 tna
761 1280 843 1347 plena
853 1281 959 1332 domus.

300 1409 303 1412 ,
367 1354 390 1404 Ε
401 1356 509 1421 quibus,
519 1361 550 1407 ut
560 1358 653 1420 scires,
664 1356 817 1423 quicunqne
826 1356 964 1407 valentior
973 1362 1056 1419 esset,

405 1428 474 1481 haee
485 1446 514 1481 es
525 1431 559 1481 ad
571 1436 692 1482 arrectos
703 1430 787 1481 verba
798 1429 892 1481 loenta
901 1446 1017 1496 procos:

367 1502 454 1556 Neara
465 1521 526 1556 meo
538 1507 634 1556 melius
644 1520 755 1556 nervum
765 1505 895 1556 tendebat
905 1505 999 1557 Ulixe:

404 1582 461 1630 sive
470 1581 513 1630 illi
523 1581 647 1645 laterum,
658 1596 706 1632 seu
718 1579 771 1630 fuit
781 1581 848 1630 artis
860 1596 938 1646 opus.

370 1654 422 1714 Qui
433 1656 562 1723 quoniam
573 1657 663 1724 periit,
674 1656 757 1709 modo
769 1671 818 1708 vos
828 1655 975 1708 intendite:
991 1655 1101 1723 qualem

405 1746 463 1782 esse
473 1731 560 1782 virum
571 1733 670 1796 sciero,
681 1735 724 1784 vir
734 1734 771 1783 sit
778 1739 810 1784 ut
818 1732 866 1783 ille
876 1747 960 1782 ruens.

367 1804 429 1856 Hac
439 1822 499 1873 ego,
510 1806 655 1873 Penelope,
665 1809 745 1874 potui
754 1808 806 1859 tibi
816 1807 877 1874 lege
886 1806 1009 1873 plaeere3

403 1880 453 1932 illo
465 1882 513 1932 sed
523 1883 642 1933 nondum
653 1888 776 1949 tempore
786 1882 875 1933 factus
886 1896 969 1933 eram.

670 1983 704 2020 to.
724 1978 853 2032 Priapus.

460 2038 526 2089 Cum
537 2039 582 2090 liei
592 2040 643 2090 tibi
655 2039 777 2090 suauitas
788 2037 899 2100 subibit,

459 2120 485 2165 et
495 2116 551 2164 iam
561 2115 701 2181 porrigere
711 2112 763 2164 huc
772 2128 881 2164 manum
891 2112 1002 2163 libebit:

459 2190 493 2240 ad
502 2205 545 2240 me
556 2190 671 2255 respice,
682 2187 735 2251 fur,
747 2194 774 2239 et
784 2188 939 2250 aestimato,

461 2271 528 2332 quot
537 2265 630 2331 pondo
641 2265 693 2315 tibi
704 2265 824 2314 mentula
834 2268 876 2314 est
885 2262 1017 2312 oaoauda.

673 2355 707 2395 il.
727 2352 794 2393 Pria
820 2364 856 2391 us.

459 2410 623 2465 lllusitmihi
634 2428 739 2480 pauper
747 2366 906 2479 inqbilinns,
953 2445 959 2455 .

459 2489 505 2555 qui
517 2488 602 2539 libum
614 2489 735 2550 dederat,
746 2487 902 2553 molamque
911 2486 1012 2552 fusam,

459 2579 542 2631 quaro
552 2565 675 2630 partibus
687 2563 790 2613 additis
800 2563 828 2612 in
838 2563 938 2629 ignem,

458 2655 538 2690 sacro
549 2640 674 2705 protinus
684 2636 748 2688 bine
759 2639 819 2689 abit
828 2643 950 2704 peracto.

457 2713 548 2765 Vicini
560 2716 635 2765 oanis
645 2713 698 2765 huc
708 2713 823 2764 subinde
832 2713 914 2774 venit,

457 2791 588 2852 nidorem,
600 2795 675 2855 puto,
686 2794 833 2854 prosecuta
842 2787 922 2838 lumi:

458 2880 536 2930 quae,
547 2865 677 2916 libamine
687 2864 824 2915 mentulae
836 2877 956 2925 comeso,
