2750 3450
428 354 740 403 EPIGRAMMATUM
769 355 837 402 ΗΒ.
862 355 904 400 Ν.
1015 354 1063 404 109

365 461 440 531 Fieri
450 484 557 546 putaret
566 493 647 546 posse
657 479 727 545 quis,
737 477 891 540 Maronssle,

367 560 397 606 ut
405 554 561 605 Ammianus
571 559 706 605 mortuum
715 557 819 619 patrem
828 552 929 604 nollet?

457 662 491 700 'll-
516 658 555 698 Ad
574 657 760 712 sophronium
778 656 883 698 Rufum.

273 734 386 798 Quaero
398 734 445 786 (liu
453 740 549 796 totam,
561 729 698 798 sophroni
708 732 785 795 Rufe,
795 748 842 799 per
851 734 954 796 urbem,

313 809 338 860 sl
348 824 402 875 qua
411 809 502 876 puella
511 814 602 875 neget3
617 807 693 857 nulla
703 806 794 873 puella
803 812 892 874 negat.

274 884 419 949 Tanquam
429 882 472 934 ias
482 898 537 933 non
547 883 591 945 sit,
601 887 730 950 tanquam
742 883 778 932 sit
786 887 864 948 turpe
873 896 982 948 negare,

312 963 442 1023 tanquam
452 972 507 1008 non
516 957 611 1018 liceat3
626 956 702 1006 nulla
711 955 803 1022 puella
813 961 901 1022 negat.

274 1032 361 1083 Casta
370 1032 453 1098 igitur
461 1030 537 1082 nulla
547 1029 603 1082 esti
623 1030 722 1081 Castae
732 1036 794 1081 sunt
804 1030 886 1081 mille.
918 1030 1064 1099 Quidergo

314 1104 483 1159 mtaiaciti
501 1104 564 1157 Non
574 1106 633 1166 dat;
648 1121 703 1156 non
712 1111 804 1155 tamen
812 1105 863 1155 illa
872 1111 961 1172 negat.

534 1213 568 1251 12.
592 1210 632 1251 Al
652 1211 805 1259 Quintium.

273 1286 380 1354 Exigis,
390 1290 421 1337 ut
431 1287 527 1338 donem
538 1292 647 1337 nostros
656 1286 718 1348 tibi,
730 1286 853 1349 (iniuste,
863 1285 981 1338 libellos.

281 1403 283 1407 ,
312 1360 375 1412 Non
385 1358 482 1423 habeo,
493 1362 540 1412 sed
551 1358 632 1411 habet
642 1361 797 1427 bibliopola
806 1360 947 1427 Tryphon.

275 1436 329 1486 Aes
339 1435 411 1487 dabo
421 1451 471 1502 pro
482 1436 570 1503 nugis,
581 1440 608 1485 et
618 1451 705 1486 emam
715 1442 763 1486 tua
773 1436 895 1487 earmina
904 1436 1001 1488 sanusl

313 1508 385 1573 Non,
394 1511 493 1577 inquis,
503 1510 603 1560 faciam
613 1515 670 1560 tam
679 1510 767 1561 fatue:
781 1526 831 1561 nec
841 1525 901 1576 ego.

548 1618 583 1658 13.
607 1614 647 1657 De
666 1615 791 1657 Vestino.

275 1692 343 1744 Cum
353 1692 443 1758 gravis
454 1696 588 1744 extremas
597 1689 727 1744 Vestinus
737 1691 846 1742 duceret
856 1688 947 1754 horas,

313 1773 341 1819 et
348 1768 404 1818 iam
413 1782 462 1833 per
472 1766 583 1835 Stygias
594 1773 666 1817 esset
674 1768 762 1817 iturus
772 1781 871 1831 aquas3

277 1842 374 1893 ultima
382 1841 521 1893 volventes
533 1842 631 1893 orabat
640 1857 725 1907 pensa
735 1855 854 1902 sorores,

312 1914 489 1967 attraherent
498 1931 583 1982 parva
593 1917 711 1967 stamina
721 1913 796 1982 pulla
804 1929 890 1964 mora.

275 1990 333 2041 lam
344 1992 398 2042 sibi
409 1989 558 2054 defunctus,
570 1991 642 2041 caris
653 1991 716 2041 dum
726 1991 795 2040 vivit
805 1988 912 2051 enticis,

312 2070 455 2117 moverunt
464 2066 574 2116 tetricas
586 2070 642 2115 tam
652 2066 700 2131 pia
708 2070 774 2116 vota
784 2064 857 2113 deas.

276 2140 346 2191 Tum
357 2140 449 2207 largas
458 2140 575 2205 partitus
586 2156 661 2205 opes,
672 2155 689 2189 a
699 2140 759 2190 luce
768 2138 894 2189 recessit:

313 2229 396 2280 seque
405 2214 475 2265 mori
484 2220 548 2281 post
557 2211 610 2265 hoc
620 2214 737 2265 eredidit
745 2213 794 2264 ille
807 2227 905 2264 senem.

566 2322 601 2360 14.
625 2319 664 2362 De
680 2318 768 2360 clamis

276 2395 411 2461 Adspicis,
421 2392 545 2445 imbelles
554 2400 659 2446 tentent
669 2410 750 2461 quam
760 2392 845 2444 fortia
855 2393 952 2442 damae

314 2467 436 2535 proelial
454 2473 509 2519 tam
520 2469 624 2520 timidis
635 2474 738 2536 quanta
747 2468 784 2518 sit
792 2468 835 2517 ira
844 2462 926 2517 ierisi

275 2543 307 2595 ln
318 2548 433 2595 mortem
443 2543 535 2610 parvis
546 2559 706 2594 concurrere
716 2541 852 2592 frontibus
863 2538 971 2590 audent.

313 2616 373 2681 Vis,
384 2617 494 2679 Caesar,
506 2617 593 2668 damis
603 2614 732 2683 parceret
750 2615 830 2665 Mitte
841 2629 931 2667 canes.

548 2714 583 2754 ts.
608 2710 647 2752 De
666 2708 794 2762 Nigrina.

277 2786 301 2838 0
311 2786 379 2838 felix
390 2788 490 2851 animo,
500 2786 576 2851 felix,
586 2786 713 2855 Nigrina,
722 2786 836 2850 marite,

306 2866 389 2925 atque
395 2862 470 2913 iuter
477 2861 579 2917 Latias
586 2863 684 2935 gloria
694 2865 793 2937 prime
800 2878 905 2918 nusum
