2750 3450
373 445 424 498 (iffi
525 446 780 494 nivensouum
800 441 1019 494 romuleum

672 570 707 608 21.
732 567 861 620 Priapus.

463 635 516 698 Tu,
526 634 573 702 qui
582 649 636 686 nou
645 635 715 687 benc
727 636 841 703 cogitas,
851 640 879 686 ct
889 649 972 702 aegre

463 709 599 776 carpendo
608 709 662 760 tibi
672 717 810 777 temperas
820 711 854 760 ab
864 709 956 775 horto,

462 783 642 852 paedieaberc
651 784 759 837 fascino
768 785 868 852 pedali.

465 859 546 921 Quod
556 859 580 909 si
589 864 645 908 tem
656 861 747 926 gravis
758 866 786 911 et
794 860 911 910 molesta
920 875 1015 925 poena

462 950 518 986 non
528 931 688 1000 profecerit:
704 935 806 985 altiore
814 939 934 1000 tangam.

635 1025 670 1062 ⁴28.
696 1022 735 1062 uri
755 1022 894 1075 Priapum.

447 1089 607 1150 Obscoenis,
618 1105 736 1156 peream,
747 1089 853 1156 Priape,
864 1092 956 1142 sinon

445 1166 488 1215 uti
496 1179 539 1215 me
549 1165 641 1230 pudet,
650 1165 837 1231 improbisque
847 1165 952 1217 verbis:

447 1239 495 1291 sed
507 1254 566 1291 eum
576 1245 615 1302 tu,
626 1241 719 1305 posito
730 1239 796 1290 (leus
806 1240 919 1306 pudore,

446 1314 575 1366 ostendas
585 1311 652 1364 mihi
664 1314 757 1365 coleos
767 1319 902 1379 potentes:

447 1405 506 1441 cum
518 1403 606 1439 cunno
615 1386 684 1438 mihi
694 1388 814 1439 mentula
824 1395 866 1439 cst
873 1388 1012 1440 vocanda.

636 1479 672 1518 2⁹.
697 1476 736 1518 Δι]
756 1477 895 1530 Priapum.

371 1538 456 1590 Falce
465 1539 566 1602 minax,
577 1544 605 1589 et
613 1544 692 1605 parte
701 1538 742 1589 tui
751 1539 865 1602 maiore,
875 1537 986 1605 Priape,

409 1615 445 1665 mi
454 1614 567 1677 fontem,
580 1628 693 1681 quaeso,
703 1613 749 1664 <lic
758 1613 834 1677 mihi,
845 1615 946 1680 quasit
955 1614 1029 1667 iteri

673 1705 708 1745 8⁰.
735 1702 865 1757 Priapus.

370 1771 449 1824 Vade
458 1788 507 1839 per
516 1770 566 1823 hos
575 1772 654 1835 vites,
665 1786 779 1839 quorum
790 1772 815 1823 si
824 1773 960 1837 empseris
969 1788 1059 1837 uvas3

409 1863 476 1914 quas
489 1847 570 1897 alitor
578 1862 679 1910 sumes,
691 1845 790 1913 hospes
800 1844 914 1897 habebis
926 1861 1025 1913 equas.

674 1938 708 1977 ³1.
733 1934 863 1988 Priapus.

444 2004 541 2054 Donec
550 2009 678 2068 proterve
687 2005 727 2055 nil
737 2003 804 2054 mihi
814 2018 895 2053 manu
906 2018 1015 2069 carpes,

446 2078 549 2140 licebit,
559 2078 622 2144 ipsa
631 2078 670 2127 sis
680 2079 807 2143 pudicior
817 2076 909 2128 Veste.

447 2151 509 2214 Sin3
524 2151 593 2203 haec
602 2150 669 2202 mihi
679 2158 707 2202 te
717 2153 818 2203 ventris
829 2168 905 2202 orma
915 2151 1069 2220 laxabant,

446 2228 521 2278 exire
531 2232 561 2278 ut
570 2228 632 2293 ipso
642 2227 675 2276 de
685 2232 733 2292 tuo
744 2242 827 2293 queas
841 2227 912 2277 culo.

674 2318 708 2356 32.
736 2314 864 2367 Priapus.

445 2388 511 2439 Uris
523 2386 627 2438 aridior
637 2384 730 2452 puello
740 2384 839 2450 passis,

446 2464 519 2514 buxo
530 2461 669 2528 pallidior,
680 2474 806 2526 noveque
816 2472 887 2519 cera,

446 2537 562 2589 collatas
573 2536 627 2587 sibi
638 2549 707 2601 quae
718 2535 829 2601 suisque
839 2531 968 2585 membris

445 2611 576 2664 fomricas
586 2608 654 2661 facit
664 2609 754 2659 altilcs
765 2609 865 2659 videri:

447 2688 522 2738 cuius
532 2687 638 2737 viscere
648 2700 703 2735 non
715 2690 809 2750 aperte
818 2684 924 2733 Tuscus

445 2778 494 2829 per
502 2761 601 2828 pellem
611 2760 713 2826 poterit
722 2759 814 2810 videre
824 2757 978 2823 haruspen

327 2899 330 2904 Ι
446 2851 516 2907 quae
526 2852 608 2888 succo
620 2838 702 2895 caret,
714 2839 795 2900 atque
805 2833 893 2900 putris
904 2846 1025 2897 pumex:

309 2881 336 3029 Ι
442 2931 527 2970 nemo
539 2908 939 2973 videriemucmsspscmem:

336 3007 339 3012 ·
441 3012 533 3069 quam
543 3009 597 3066 pro
610 2987 750 3058 sanguiue
756 2980 1075 3053 pulueremscopemm
