<?xml version="1.0" encoding="UTF-8"?>
<!DOCTYPE html PUBLIC "-//W3C//DTD XHTML 1.0 Transitional//EN"
    "http://www.w3.org/TR/xhtml1/DTD/xhtml1-transitional.dtd">
<html xmlns="http://www.w3.org/1999/xhtml" xml:lang="en" lang="en">
 <head>
  <title>
</title>
<meta http-equiv="Content-Type" content="text/html;charset=utf-8" />
  <meta name='ocr-system' content='tesseract 3.04.00' />
  <meta name='ocr-capabilities' content='ocr_page ocr_carea ocr_par ocr_line ocrx_word'/>
</head>
<body>
  <div class='ocr_page' id='page_1' title='image "./mvaleriimartial03martgoog_0220.png"; bbox 0 0 2750 3450; ppageno 0'>
   <div class='ocr_carea' id='block_1_1' title="bbox 427 292 941 389">
    <p class='ocr_par' dir='ltr' id='par_1_1' title="bbox 427 292 941 389">
     <span class='ocr_line' id='line_1_1' title="bbox 427 292 941 389; baseline -0.002 0"><span class='ocrx_word' id='word_1_1' title='bbox 427 292 747 389; x_wconf 50' lang='lat' dir='ltr'><strong>EPIGRAMMA-rum</strong></span> <span class='ocrx_word' id='word_1_2' title='bbox 780 343 849 387; x_wconf 73' lang='grc' dir='ltr'>ΙιΙΒ.</span> <span class='ocrx_word' id='word_1_3' title='bbox 877 342 941 388; x_wconf 86' lang='lat' dir='ltr'><strong>vln.</strong></span> 
     </span>
    </p>
   </div>
   <div class='ocr_carea' id='block_1_2' title="bbox 523 458 847 505">
    <p class='ocr_par' dir='ltr' id='par_1_2' title="bbox 523 458 847 505">
     <span class='ocr_line' id='line_1_2' title="bbox 523 458 847 505; baseline -0.006 -1"><span class='ocrx_word' id='word_1_4' title='bbox 523 465 558 505; x_wconf 79' lang='lat' dir='ltr'><strong>¹l2.</strong></span> <span class='ocrx_word' id='word_1_5' title='bbox 582 461 623 503; x_wconf 79' lang='lat' dir='ltr'><strong>Al</strong></span> <span class='ocrx_word' id='word_1_6' title='bbox 642 458 745 505; x_wconf 84' lang='lat' dir='ltr'><strong>librum</strong></span> <span class='ocrx_word' id='word_1_7' title='bbox 765 474 847 502; x_wconf 78' lang='grc' dir='ltr'>ιιιιιιη.</span> 
     </span>
    </p>
   </div>
   <div class='ocr_carea' id='block_1_3' title="bbox 276 539 947 1201">
    <p class='ocr_par' dir='ltr' id='par_1_3' title="bbox 276 539 935 983">
     <span class='ocr_line' id='line_1_3' title="bbox 276 539 893 608; baseline -0.002 -14"><span class='ocrx_word' id='word_1_8' title='bbox 276 574 279 579; x_wconf 93' lang='grc'>-</span> <span class='ocrx_word' id='word_1_9' title='bbox 382 539 510 594; x_wconf 86' lang='lat' dir='ltr'><strong>Nondum</strong></span> <span class='ocrx_word' id='word_1_10' title='bbox 520 541 623 593; x_wconf 86' lang='lat' dir='ltr'><strong>murice</strong></span> <span class='ocrx_word' id='word_1_11' title='bbox 633 542 731 605; x_wconf 85' lang='lat' dir='ltr'><strong>cultus,</strong></span> <span class='ocrx_word' id='word_1_12' title='bbox 742 556 893 608; x_wconf 86' lang='lat' dir='ltr'><strong>asperoque</strong></span> 
     </span>
     <span class='ocr_line' id='line_1_4' title="bbox 382 616 808 683; baseline -0.002 -15"><span class='ocrx_word' id='word_1_13' title='bbox 382 631 477 668; x_wconf 86' lang='lat' dir='ltr'><strong>morsu</strong></span> <span class='ocrx_word' id='word_1_14' title='bbox 485 616 601 683; x_wconf 71' lang='lat' dir='ltr'><strong>punicis</strong></span> <span class='ocrx_word' id='word_1_15' title='bbox 612 617 683 668; x_wconf 82' lang='lat' dir='ltr'><strong>aridi</strong></span> <span class='ocrx_word' id='word_1_16' title='bbox 696 616 808 683; x_wconf 88' lang='lat' dir='ltr'><strong>politos,</strong></span> 
     </span>
     <span class='ocr_line' id='line_1_5' title="bbox 381 691 865 758; baseline -0.004 -16"><span class='ocrx_word' id='word_1_17' title='bbox 381 692 511 742; x_wconf 76' lang='lat' dir='ltr'><strong>Artemi</strong></span> <span class='ocrx_word' id='word_1_18' title='bbox 521 706 652 758; x_wconf 88' lang='lat' dir='ltr'><strong>properas</strong></span> <span class='ocrx_word' id='word_1_19' title='bbox 662 692 750 758; x_wconf 88' lang='lat' dir='ltr'><strong>sequi,</strong></span> <span class='ocrx_word' id='word_1_20' title='bbox 759 691 865 742; x_wconf 84' lang='lat' dir='ltr'><strong>libelle:</strong></span> 
     </span>
     <span class='ocr_line' id='line_1_6' title="bbox 384 764 935 834; baseline 0.002 -17"><span class='ocrx_word' id='word_1_21' title='bbox 384 780 463 833; x_wconf 89' lang='lat' dir='ltr'><strong>quem</strong></span> <span class='ocrx_word' id='word_1_22' title='bbox 472 764 655 834; x_wconf 86' lang='lat' dir='ltr'><strong>pulcherrima</strong></span> <span class='ocrx_word' id='word_1_23' title='bbox 666 767 723 816; x_wconf 91' lang='lat' dir='ltr'><strong>iam</strong></span> <span class='ocrx_word' id='word_1_24' title='bbox 733 766 823 817; x_wconf 86' lang='lat' dir='ltr'><strong>redire</strong></span> <span class='ocrx_word' id='word_1_25' title='bbox 832 765 935 829; x_wconf 87' lang='lat' dir='ltr'><strong>Narbo,</strong></span> 
     </span>
     <span class='ocr_line' id='line_1_7' title="bbox 382 839 796 908; baseline -0.005 -16"><span class='ocrx_word' id='word_1_26' title='bbox 382 841 457 892; x_wconf 82' lang='lat' dir='ltr'><strong>(loeti</strong></span> <span class='ocrx_word' id='word_1_27' title='bbox 467 841 559 908; x_wconf 88' lang='lat' dir='ltr'><strong>patria</strong></span> <span class='ocrx_word' id='word_1_28' title='bbox 568 839 663 892; x_wconf 86' lang='lat' dir='ltr'><strong>Narbo</strong></span> <span class='ocrx_word' id='word_1_29' title='bbox 674 840 796 903; x_wconf 90' lang='lat' dir='ltr'><strong>Votieni,</strong></span> 
     </span>
     <span class='ocr_line' id='line_1_8' title="bbox 383 914 863 983; baseline -0.006 -16"><span class='ocrx_word' id='word_1_30' title='bbox 383 915 418 967; x_wconf 85' lang='lat' dir='ltr'><strong>ad</strong></span> <span class='ocrx_word' id='word_1_31' title='bbox 428 916 502 983; x_wconf 80' lang='lat' dir='ltr'><strong>leges</strong></span> <span class='ocrx_word' id='word_1_32' title='bbox 511 915 589 966; x_wconf 81' lang='lat' dir='ltr'><strong>iubet</strong></span> <span class='ocrx_word' id='word_1_33' title='bbox 597 930 757 981; x_wconf 75' lang='lat' dir='ltr'><strong>annuosque</strong></span> <span class='ocrx_word' id='word_1_34' title='bbox 765 914 863 966; x_wconf 84' lang='lat' dir='ltr'><strong>fasces.</strong></span> 
     </span>
    </p>

    <p class='ocr_par' dir='ltr' id='par_1_4' title="bbox 365 988 947 1201">
     <span class='ocr_line' id='line_1_9' title="bbox 365 988 947 1057; baseline -0.005 -16"><span class='ocrx_word' id='word_1_35' title='bbox 365 988 368 995; x_wconf 90' lang='lat'>&#39;</span> <span class='ocrx_word' id='word_1_36' title='bbox 381 988 463 1041; x_wconf 90' lang='lat' dir='ltr'><strong>Votis</strong></span> <span class='ocrx_word' id='word_1_37' title='bbox 474 990 546 1057; x_wconf 84' lang='lat' dir='ltr'><strong>qnod</strong></span> <span class='ocrx_word' id='word_1_38' title='bbox 557 991 669 1056; x_wconf 87' lang='lat' dir='ltr'><strong>paribus</strong></span> <span class='ocrx_word' id='word_1_39' title='bbox 679 990 731 1040; x_wconf 88' lang='lat' dir='ltr'><strong>tibi</strong></span> <span class='ocrx_word' id='word_1_40' title='bbox 740 990 883 1056; x_wconf 79' lang='lat' dir='ltr'><strong>petendum</strong></span> <span class='ocrx_word' id='word_1_41' title='bbox 894 1000 947 1039; x_wconf 83' lang='lat' dir='ltr'><strong>est:</strong></span> 
     </span>
     <span class='ocr_line' id='line_1_10' title="bbox 383 1063 890 1132; baseline -0.002 -17"><span class='ocrx_word' id='word_1_42' title='bbox 383 1066 523 1132; x_wconf 82' lang='lat' dir='ltr'><strong>continget</strong></span> <span class='ocrx_word' id='word_1_43' title='bbox 531 1065 609 1116; x_wconf 87' lang='lat' dir='ltr'><strong>loeus</strong></span> <span class='ocrx_word' id='word_1_44' title='bbox 618 1065 676 1129; x_wconf 89' lang='lat' dir='ltr'><strong>ille,</strong></span> <span class='ocrx_word' id='word_1_45' title='bbox 687 1070 715 1116; x_wconf 84' lang='lat' dir='ltr'><strong>at</strong></span> <span class='ocrx_word' id='word_1_46' title='bbox 723 1063 769 1115; x_wconf 84' lang='lat' dir='ltr'><strong>hic</strong></span> <span class='ocrx_word' id='word_1_47' title='bbox 778 1066 890 1115; x_wconf 88' lang='lat' dir='ltr'><strong>amicus.</strong></span> 
     </span>
     <span class='ocr_line' id='line_1_11' title="bbox 383 1137 866 1201; baseline -0.006 -11"><span class='ocrx_word' id='word_1_48' title='bbox 383 1139 471 1201; x_wconf 77' lang='lat' dir='ltr'><strong>Quam</strong></span> <span class='ocrx_word' id='word_1_49' title='bbox 481 1139 577 1191; x_wconf 86' lang='lat' dir='ltr'><strong>vellem</strong></span> <span class='ocrx_word' id='word_1_50' title='bbox 588 1139 649 1190; x_wconf 88' lang='lat' dir='ltr'><strong>lieri</strong></span> <span class='ocrx_word' id='word_1_51' title='bbox 657 1155 734 1191; x_wconf 81' lang='lat' dir='ltr'><strong>meus</strong></span> <span class='ocrx_word' id='word_1_52' title='bbox 743 1137 866 1190; x_wconf 88' lang='lat' dir='ltr'><strong>libellus!</strong></span> 
     </span>
    </p>
   </div>
   <div class='ocr_carea' id='block_1_4' title="bbox 536 1244 832 1287">
    <p class='ocr_par' dir='ltr' id='par_1_5' title="bbox 536 1244 832 1287">
     <span class='ocr_line' id='line_1_12' title="bbox 536 1244 832 1287; baseline -0.014 -1"><span class='ocrx_word' id='word_1_53' title='bbox 536 1248 571 1287; x_wconf 74' lang='lat' dir='ltr'><strong>la.</strong></span> <span class='ocrx_word' id='word_1_54' title='bbox 594 1245 633 1286; x_wconf 80' lang='lat' dir='ltr'><strong>Ad</strong></span> <span class='ocrx_word' id='word_1_55' title='bbox 652 1244 832 1286; x_wconf 73' lang='lat' dir='ltr'><strong>laetantium.</strong></span> 
     </span>
    </p>
   </div>
   <div class='ocr_carea' id='block_1_5' title="bbox 288 1336 953 2160">
    <p class='ocr_par' dir='ltr' id='par_1_6' title="bbox 288 1336 886 1480">
     <span class='ocr_line' id='line_1_13' title="bbox 288 1336 886 1404; baseline -0.003 -15"><span class='ocrx_word' id='word_1_56' title='bbox 288 1338 415 1401; x_wconf 73' lang='lat' dir='ltr'><strong>Instanti,</strong></span> <span class='ocrx_word' id='word_1_57' title='bbox 426 1353 480 1404; x_wconf 89' lang='lat' dir='ltr'><strong>quo</strong></span> <span class='ocrx_word' id='word_1_58' title='bbox 490 1354 541 1390; x_wconf 88' lang='lat' dir='ltr'><strong>nec</strong></span> <span class='ocrx_word' id='word_1_59' title='bbox 549 1339 682 1390; x_wconf 78' lang='lat' dir='ltr'><strong>sincerior</strong></span> <span class='ocrx_word' id='word_1_60' title='bbox 692 1338 762 1389; x_wconf 88' lang='lat' dir='ltr'><strong>alter</strong></span> <span class='ocrx_word' id='word_1_61' title='bbox 770 1336 886 1388; x_wconf 87' lang='lat' dir='ltr'><strong>habetur</strong></span> 
     </span>
     <span class='ocr_line' id='line_1_14' title="bbox 326 1413 884 1480; baseline -0.004 -16"><span class='ocrx_word' id='word_1_62' title='bbox 326 1418 446 1480; x_wconf 80' lang='lat' dir='ltr'>pectore,</span> <span class='ocrx_word' id='word_1_63' title='bbox 456 1429 506 1464; x_wconf 88' lang='lat' dir='ltr'><strong>nec</strong></span> <span class='ocrx_word' id='word_1_64' title='bbox 514 1414 595 1464; x_wconf 79' lang='lat' dir='ltr'><strong>nivea</strong></span> <span class='ocrx_word' id='word_1_65' title='bbox 608 1414 785 1480; x_wconf 76' lang='lat' dir='ltr'><strong>simplicitate</strong></span> <span class='ocrx_word' id='word_1_66' title='bbox 795 1413 884 1479; x_wconf 80' lang='lat' dir='ltr'><strong>prior:</strong></span> 
     </span>
    </p>

    <p class='ocr_par' dir='ltr' id='par_1_7' title="bbox 289 1485 953 1628">
     <span class='ocr_line' id='line_1_15' title="bbox 289 1485 953 1554; baseline -0.002 -15"><span class='ocrx_word' id='word_1_67' title='bbox 289 1487 315 1539; x_wconf 89' lang='lat' dir='ltr'><strong>si</strong></span> <span class='ocrx_word' id='word_1_68' title='bbox 324 1488 391 1539; x_wconf 78' lang='lat' dir='ltr'><strong>(lare</strong></span> <span class='ocrx_word' id='word_1_69' title='bbox 401 1487 443 1538; x_wconf 83' lang='lat' dir='ltr'><strong>vis</strong></span> <span class='ocrx_word' id='word_1_70' title='bbox 453 1493 564 1539; x_wconf 84' lang='lat' dir='ltr'><strong>nostrae</strong></span> <span class='ocrx_word' id='word_1_71' title='bbox 574 1489 645 1539; x_wconf 84' lang='lat' dir='ltr'><strong>vires</strong></span> <span class='ocrx_word' id='word_1_72' title='bbox 656 1489 816 1554; x_wconf 73' lang='lat' dir='ltr'><strong>mimasque</strong></span> <span class='ocrx_word' id='word_1_73' title='bbox 828 1485 953 1550; x_wconf 83' lang='lat' dir='ltr'><strong>Thaliae,</strong></span> 
     </span>
     <span class='ocr_line' id='line_1_16' title="bbox 327 1562 948 1628; baseline -0.005 -14"><span class='ocrx_word' id='word_1_74' title='bbox 327 1567 355 1614; x_wconf 85' lang='lat' dir='ltr'><strong>et</strong></span> <span class='ocrx_word' id='word_1_75' title='bbox 363 1563 470 1614; x_wconf 86' lang='lat' dir='ltr'><strong>victura</strong></span> <span class='ocrx_word' id='word_1_76' title='bbox 479 1563 551 1628; x_wconf 89' lang='lat' dir='ltr'><strong>petis</strong></span> <span class='ocrx_word' id='word_1_77' title='bbox 561 1563 695 1625; x_wconf 83' lang='lat' dir='ltr'><strong>eannina3</strong></span> <span class='ocrx_word' id='word_1_78' title='bbox 712 1564 757 1625; x_wconf 87' lang='lat' dir='ltr'><strong>da,</strong></span> <span class='ocrx_word' id='word_1_79' title='bbox 767 1562 842 1628; x_wconf 87' lang='lat' dir='ltr'><strong>quod</strong></span> <span class='ocrx_word' id='word_1_80' title='bbox 853 1577 948 1612; x_wconf 89' lang='lat' dir='ltr'><strong>amem.</strong></span> 
     </span>
    </p>

    <p class='ocr_par' dir='ltr' id='par_1_8' title="bbox 290 1635 891 1780">
     <span class='ocr_line' id='line_1_17' title="bbox 290 1635 891 1705; baseline -0.002 -19"><span class='ocrx_word' id='word_1_81' title='bbox 290 1635 410 1705; x_wconf 82' lang='lat' dir='ltr'><strong>cynthia</strong></span> <span class='ocrx_word' id='word_1_82' title='bbox 419 1642 446 1687; x_wconf 89' lang='lat' dir='ltr'><strong>te</strong></span> <span class='ocrx_word' id='word_1_83' title='bbox 456 1642 545 1688; x_wconf 83' lang='lat' dir='ltr'><strong>vatem</strong></span> <span class='ocrx_word' id='word_1_84' title='bbox 555 1636 630 1700; x_wconf 82' lang='lat' dir='ltr'><strong>fecit,</strong></span> <span class='ocrx_word' id='word_1_85' title='bbox 640 1637 743 1689; x_wconf 86' lang='lat' dir='ltr'><strong>lascive</strong></span> <span class='ocrx_word' id='word_1_86' title='bbox 752 1636 891 1703; x_wconf 84' lang='lat' dir='ltr'><strong>Properti:</strong></span> 
     </span>
     <span class='ocr_line' id='line_1_18' title="bbox 327 1710 882 1780; baseline -0.005 -17"><span class='ocrx_word' id='word_1_87' title='bbox 327 1712 465 1780; x_wconf 79' lang='lat' dir='ltr'><strong>ingenium</strong></span> <span class='ocrx_word' id='word_1_88' title='bbox 477 1710 553 1764; x_wconf 78' lang='lat' dir='ltr'><strong>Galli</strong></span> <span class='ocrx_word' id='word_1_89' title='bbox 562 1711 676 1779; x_wconf 86' lang='lat' dir='ltr'><strong>pulchra</strong></span> <span class='ocrx_word' id='word_1_90' title='bbox 685 1712 804 1779; x_wconf 80' lang='lat' dir='ltr'><strong>Lycoris</strong></span> <span class='ocrx_word' id='word_1_91' title='bbox 816 1718 882 1763; x_wconf 87' lang='lat' dir='ltr'><strong>erat.</strong></span> 
     </span>
    </p>

    <p class='ocr_par' dir='ltr' id='par_1_9' title="bbox 288 1786 922 1926">
     <span class='ocr_line' id='line_1_19' title="bbox 288 1786 922 1854; baseline -0.003 -17"><span class='ocrx_word' id='word_1_92' title='bbox 288 1787 376 1838; x_wconf 83' lang='lat' dir='ltr'><strong>Fama</strong></span> <span class='ocrx_word' id='word_1_93' title='bbox 386 1794 428 1839; x_wconf 86' lang='lat' dir='ltr'><strong>est</strong></span> <span class='ocrx_word' id='word_1_94' title='bbox 437 1789 527 1854; x_wconf 85' lang='lat' dir='ltr'><strong>arguti</strong></span> <span class='ocrx_word' id='word_1_95' title='bbox 536 1787 661 1839; x_wconf 84' lang='lat' dir='ltr'><strong>Nemesis</strong></span> <span class='ocrx_word' id='word_1_96' title='bbox 671 1788 794 1839; x_wconf 76' lang='lat' dir='ltr'><strong>formosa</strong></span> <span class='ocrx_word' id='word_1_97' title='bbox 805 1786 922 1837; x_wconf 84' lang='lat' dir='ltr'><strong>Tibulli:</strong></span> 
     </span>
     <span class='ocr_line' id='line_1_20' title="bbox 327 1862 851 1926; baseline -0.002 -14"><span class='ocrx_word' id='word_1_98' title='bbox 327 1862 430 1914; x_wconf 83' lang='lat' dir='ltr'><strong>Lesbia</strong></span> <span class='ocrx_word' id='word_1_99' title='bbox 440 1863 563 1926; x_wconf 57' lang='lat' dir='ltr'><strong>dictavit</strong></span> <span class='ocrx_word' id='word_1_100' title='bbox 573 1863 654 1914; x_wconf 78' lang='lat' dir='ltr'><strong>(locta</strong></span> <span class='ocrx_word' id='word_1_101' title='bbox 665 1863 781 1925; x_wconf 78' lang='lat' dir='ltr'><strong>Catulle,</strong></span> <span class='ocrx_word' id='word_1_102' title='bbox 791 1862 851 1913; x_wconf 87' lang='lat' dir='ltr'><strong>tihi.</strong></span> 
     </span>
    </p>

    <p class='ocr_par' dir='ltr' id='par_1_10' title="bbox 290 1936 953 2079">
     <span class='ocr_line' id='line_1_21' title="bbox 290 1936 953 2005; baseline -0.002 -17"><span class='ocrx_word' id='word_1_103' title='bbox 290 1936 353 1989; x_wconf 83' lang='lat' dir='ltr'><strong>Non</strong></span> <span class='ocrx_word' id='word_1_104' title='bbox 362 1952 405 1988; x_wconf 92' lang='lat' dir='ltr'><strong>me</strong></span> <span class='ocrx_word' id='word_1_105' title='bbox 414 1936 542 2005; x_wconf 81' lang='lat' dir='ltr'><strong>Pelignus</strong></span> <span class='ocrx_word' id='word_1_106' title='bbox 553 1953 603 1989; x_wconf 89' lang='lat' dir='ltr'><strong>neo</strong></span> <span class='ocrx_word' id='word_1_107' title='bbox 612 1943 721 2004; x_wconf 87' lang='lat' dir='ltr'><strong>spernet</strong></span> <span class='ocrx_word' id='word_1_108' title='bbox 729 1937 844 1988; x_wconf 87' lang='lat' dir='ltr'><strong>Mantua</strong></span> <span class='ocrx_word' id='word_1_109' title='bbox 854 1943 953 1999; x_wconf 85' lang='lat' dir='ltr'><strong>vatem,</strong></span> 
     </span>
     <span class='ocr_line' id='line_1_22' title="bbox 327 2009 912 2079; baseline -0.005 -16"><span class='ocrx_word' id='word_1_110' title='bbox 327 2013 352 2063; x_wconf 87' lang='lat' dir='ltr'><strong>si</strong></span> <span class='ocrx_word' id='word_1_111' title='bbox 362 2027 417 2079; x_wconf 90' lang='lat' dir='ltr'><strong>qua</strong></span> <span class='ocrx_word' id='word_1_112' title='bbox 428 2011 548 2062; x_wconf 85' lang='lat' dir='ltr'><strong>Corinna</strong></span> <span class='ocrx_word' id='word_1_113' title='bbox 557 2011 633 2077; x_wconf 87' lang='lat' dir='ltr'><strong>mihi,</strong></span> <span class='ocrx_word' id='word_1_114' title='bbox 643 2013 667 2064; x_wconf 90' lang='lat' dir='ltr'><strong>si</strong></span> <span class='ocrx_word' id='word_1_115' title='bbox 677 2013 739 2079; x_wconf 88' lang='lat' dir='ltr'><strong>quis</strong></span> <span class='ocrx_word' id='word_1_116' title='bbox 748 2009 841 2063; x_wconf 81' lang='lat' dir='ltr'><strong>Alexis</strong></span> <span class='ocrx_word' id='word_1_117' title='bbox 852 2012 912 2062; x_wconf 89' lang='lat' dir='ltr'><strong>erit.</strong></span> 
     </span>
    </p>

    <p class='ocr_par' dir='ltr' id='par_1_11' title="bbox 501 2115 871 2160">
     <span class='ocr_line' id='line_1_23' title="bbox 501 2115 871 2160; baseline 0 -2"><span class='ocrx_word' id='word_1_118' title='bbox 501 2120 536 2159; x_wconf 76' lang='lat' dir='ltr'><strong>ll.</strong></span> <span class='ocrx_word' id='word_1_119' title='bbox 559 2116 591 2158; x_wconf 90' lang='lat' dir='ltr'><strong>ln</strong></span> <span class='ocrx_word' id='word_1_120' title='bbox 610 2115 709 2160; x_wconf 84' lang='lat' dir='ltr'><strong>malum</strong></span> <span class='ocrx_word' id='word_1_121' title='bbox 729 2118 871 2159; x_wconf 80' lang='lat' dir='ltr'><strong>medicum.</strong></span> 
     </span>
    </p>
   </div>
   <div class='ocr_carea' id='block_1_6' title="bbox 293 2208 1009 2352">
    <p class='ocr_par' dir='ltr' id='par_1_12' title="bbox 293 2208 1009 2352">
     <span class='ocr_line' id='line_1_24' title="bbox 293 2208 1009 2277; baseline 0 -17"><span class='ocrx_word' id='word_1_122' title='bbox 293 2208 497 2277; x_wconf 80' lang='lat' dir='ltr'><strong>Hoplomachus</strong></span> <span class='ocrx_word' id='word_1_123' title='bbox 509 2225 580 2261; x_wconf 86' lang='lat' dir='ltr'><strong>nunc</strong></span> <span class='ocrx_word' id='word_1_124' title='bbox 589 2226 627 2273; x_wconf 88' lang='lat' dir='ltr'><strong>es,</strong></span> <span class='ocrx_word' id='word_1_125' title='bbox 637 2209 730 2261; x_wconf 85' lang='lat' dir='ltr'><strong>fueras</strong></span> <span class='ocrx_word' id='word_1_126' title='bbox 741 2209 922 2277; x_wconf 86' lang='lat' dir='ltr'><strong>opthalmicus</strong></span> <span class='ocrx_word' id='word_1_127' title='bbox 933 2216 1009 2261; x_wconf 84' lang='lat' dir='ltr'><strong>ante:</strong></span> 
     </span>
     <span class='ocr_line' id='line_1_25' title="bbox 327 2283 943 2352; baseline -0.003 -17"><span class='ocrx_word' id='word_1_128' title='bbox 327 2283 418 2336; x_wconf 82' lang='lat' dir='ltr'><strong>fecisti</strong></span> <span class='ocrx_word' id='word_1_129' title='bbox 428 2284 558 2348; x_wconf 80' lang='lat' dir='ltr'><strong>medicus,</strong></span> <span class='ocrx_word' id='word_1_130' title='bbox 572 2285 646 2351; x_wconf 87' lang='lat' dir='ltr'><strong>quod</strong></span> <span class='ocrx_word' id='word_1_131' title='bbox 655 2285 727 2337; x_wconf 83' lang='lat' dir='ltr'><strong>iacis</strong></span> <span class='ocrx_word' id='word_1_132' title='bbox 737 2283 943 2352; x_wconf 86' lang='lat' dir='ltr'><strong>hoplomachns.</strong></span> 
     </span>
    </p>
   </div>
   <div class='ocr_carea' id='block_1_7' title="bbox 507 2388 865 2443">
    <p class='ocr_par' dir='ltr' id='par_1_13' title="bbox 507 2388 865 2443">
     <span class='ocr_line' id='line_1_26' title="bbox 507 2388 865 2443; baseline 0 -12"><span class='ocrx_word' id='word_1_133' title='bbox 507 2391 542 2431; x_wconf 73' lang='grc'><strong>15.</strong></span> <span class='ocrx_word' id='word_1_134' title='bbox 567 2390 605 2432; x_wconf 84' lang='lat' dir='ltr'><strong>Da</strong></span> <span class='ocrx_word' id='word_1_135' title='bbox 624 2388 709 2433; x_wconf 80' lang='lat' dir='ltr'><strong>(iallo</strong></span> <span class='ocrx_word' id='word_1_136' title='bbox 729 2391 865 2443; x_wconf 75' lang='lat' dir='ltr'><strong>Linguae.</strong></span> 
     </span>
    </p>
   </div>
   <div class='ocr_carea' id='block_1_8' title="bbox 294 2479 923 2774">
    <p class='ocr_par' dir='ltr' id='par_1_14' title="bbox 294 2479 923 2774">
     <span class='ocr_line' id='line_1_27' title="bbox 294 2479 923 2550; baseline 0 -16"><span class='ocrx_word' id='word_1_137' title='bbox 294 2479 362 2534; x_wconf 83' lang='lat' dir='ltr'><strong>Dum</strong></span> <span class='ocrx_word' id='word_1_138' title='bbox 372 2483 472 2550; x_wconf 86' lang='lat' dir='ltr'><strong>repetit</strong></span> <span class='ocrx_word' id='word_1_139' title='bbox 482 2497 543 2533; x_wconf 89' lang='lat' dir='ltr'><strong>sera</strong></span> <span class='ocrx_word' id='word_1_140' title='bbox 553 2484 703 2536; x_wconf 83' lang='lat' dir='ltr'><strong>conductos</strong></span> <span class='ocrx_word' id='word_1_141' title='bbox 713 2489 794 2535; x_wconf 85' lang='lat' dir='ltr'><strong>nocte</strong></span> <span class='ocrx_word' id='word_1_142' title='bbox 807 2484 923 2535; x_wconf 85' lang='lat' dir='ltr'><strong>Penates</strong></span> 
     </span>
     <span class='ocr_line' id='line_1_28' title="bbox 327 2557 908 2624; baseline 0 -16"><span class='ocrx_word' id='word_1_143' title='bbox 327 2557 468 2624; x_wconf 81' lang='lat' dir='ltr'><strong>Lingonus</strong></span> <span class='ocrx_word' id='word_1_144' title='bbox 479 2572 497 2607; x_wconf 89' lang='lat' dir='ltr'><strong>a</strong></span> <span class='ocrx_word' id='word_1_145' title='bbox 507 2558 593 2609; x_wconf 87' lang='lat' dir='ltr'><strong>Tecta</strong></span> <span class='ocrx_word' id='word_1_146' title='bbox 602 2558 792 2624; x_wconf 84' lang='lat' dir='ltr'><strong>Flaminiaque</strong></span> <span class='ocrx_word' id='word_1_147' title='bbox 802 2574 908 2611; x_wconf 84' lang='lat' dir='ltr'><strong>recens:</strong></span> 
     </span>
     <span class='ocr_line' id='line_1_29' title="bbox 294 2629 865 2700; baseline 0.005 -19"><span class='ocrx_word' id='word_1_148' title='bbox 294 2633 395 2699; x_wconf 84' lang='lat' dir='ltr'><strong>expulit</strong></span> <span class='ocrx_word' id='word_1_149' title='bbox 405 2629 512 2684; x_wconf 80' lang='lat' dir='ltr'><strong>offenso</strong></span> <span class='ocrx_word' id='word_1_150' title='bbox 522 2633 647 2683; x_wconf 85' lang='lat' dir='ltr'><strong>vitiatum</strong></span> <span class='ocrx_word' id='word_1_151' title='bbox 659 2633 761 2700; x_wconf 86' lang='lat' dir='ltr'><strong>pollice</strong></span> <span class='ocrx_word' id='word_1_152' title='bbox 770 2634 865 2696; x_wconf 86' lang='lat' dir='ltr'><strong>talum,</strong></span> 
     </span>
     <span class='ocr_line' id='line_1_30' title="bbox 328 2706 825 2774; baseline -0.002 -16"><span class='ocrx_word' id='word_1_153' title='bbox 328 2712 354 2758; x_wconf 81' lang='lat' dir='ltr'><strong>et</strong></span> <span class='ocrx_word' id='word_1_154' title='bbox 362 2707 451 2758; x_wconf 87' lang='lat' dir='ltr'><strong>iacuit</strong></span> <span class='ocrx_word' id='word_1_155' title='bbox 458 2711 519 2757; x_wconf 88' lang='lat' dir='ltr'><strong>toto</strong></span> <span class='ocrx_word' id='word_1_156' title='bbox 530 2723 645 2774; x_wconf 87' lang='lat' dir='ltr'><strong>corpore</strong></span> <span class='ocrx_word' id='word_1_157' title='bbox 655 2707 732 2759; x_wconf 76' lang='lat' dir='ltr'><strong>lusus</strong></span> <span class='ocrx_word' id='word_1_158' title='bbox 742 2706 825 2758; x_wconf 89' lang='lat' dir='ltr'><strong>humi.</strong></span> 
     </span>
    </p>
   </div>
   <div class='ocr_carea' id='block_1_9' title="bbox 294 2778 976 2926">
    <p class='ocr_par' dir='ltr' id='par_1_15' title="bbox 294 2778 976 2926">
     <span class='ocr_line' id='line_1_31' title="bbox 294 2778 976 2849; baseline 0.001 -17"><span class='ocrx_word' id='word_1_159' title='bbox 294 2778 362 2842; x_wconf 74' lang='lat' dir='ltr'><strong>Quid</strong></span> <span class='ocrx_word' id='word_1_160' title='bbox 373 2781 478 2833; x_wconf 82' lang='lat' dir='ltr'><strong>iaceret</strong></span> <span class='ocrx_word' id='word_1_161' title='bbox 490 2778 603 2834; x_wconf 76' lang='lat' dir='ltr'><strong>Gallusl</strong></span> <span class='ocrx_word' id='word_1_162' title='bbox 619 2798 674 2849; x_wconf 89' lang='lat' dir='ltr'><strong>qua</strong></span> <span class='ocrx_word' id='word_1_163' title='bbox 683 2798 713 2834; x_wconf 88' lang='lat' dir='ltr'><strong>se</strong></span> <span class='ocrx_word' id='word_1_164' title='bbox 722 2784 830 2835; x_wconf 88' lang='lat' dir='ltr'><strong>ratione</strong></span> <span class='ocrx_word' id='word_1_165' title='bbox 840 2782 976 2835; x_wconf 65' lang='lat' dir='ltr'><strong>moveret?</strong></span> 
     </span>
     <span class='ocr_line' id='line_1_32' title="bbox 326 2855 847 2926; baseline -0.004 -16"><span class='ocrx_word' id='word_1_166' title='bbox 326 2855 431 2926; x_wconf 70' lang='lat' dir='ltr'><strong>lugenti</strong></span> <span class='ocrx_word' id='word_1_167' title='bbox 442 2855 554 2909; x_wconf 82' lang='lat' dir='ltr'><strong>domino</strong></span> <span class='ocrx_word' id='word_1_168' title='bbox 564 2858 687 2910; x_wconf 85' lang='lat' dir='ltr'><strong>servulus</strong></span> <span class='ocrx_word' id='word_1_169' title='bbox 700 2874 769 2910; x_wconf 89' lang='lat' dir='ltr'><strong>unus</strong></span> <span class='ocrx_word' id='word_1_170' title='bbox 780 2865 847 2921; x_wconf 86' lang='lat' dir='ltr'><strong>erat,</strong></span> 
     </span>
    </p>
   </div>
   <div class='ocr_carea' id='block_1_10' title="bbox 834 2952 885 2997">
    <p class='ocr_par' dir='ltr' id='par_1_16' title="bbox 834 2952 885 2997">
     <span class='ocr_line' id='line_1_33' title="bbox 834 2952 885 2997; baseline 0 0"><span class='ocrx_word' id='word_1_171' title='bbox 834 2952 885 2997; x_wconf 68' lang='grc' dir='ltr'><strong>Μ</strong></span> 
     </span>
    </p>
   </div>
   <div class='ocr_carea' id='block_1_11' title="bbox 0 0 1384 3450">
    <p class='ocr_par' dir='ltr' id='par_1_17' title="bbox 0 0 1384 3450">
     <span class='ocr_line' id='line_1_34' title="bbox 0 0 1384 3450; baseline 0 0"><span class='ocrx_word' id='word_1_172' title='bbox 0 0 1384 3450; x_wconf 95' lang='lat' dir='ltr'><strong> </strong></span> 
     </span>
    </p>
   </div>
  </div>
 </body>
</html>
