2750 3450
325 345 375 396 lsi
617 346 834 393 monnulus

326 487 381 522 non
393 469 482 536 qualis
493 468 605 520 Geticae
616 472 733 521 satiatus
743 470 815 520 lactc
824 470 965 523 iuvencae

365 543 518 596 Sarmatica
526 545 619 611 rigido
629 546 701 596 ludit
709 547 739 594 in
749 560 826 594 amne
836 551 917 608 rota;

326 620 374 671 sed
385 619 546 685 Mitylenaei
555 635 651 670 roseus
662 620 805 686 mangonis
816 617 951 685 ephebus,

363 695 407 744 rel
417 710 471 745 non
487 710 582 744 caesus
592 693 681 745 adhuc
691 701 777 744 matre
786 694 898 745 iubente
910 694 1022 748 Lacon.

325 770 361 818 ,lt
370 770 421 819 tibi
432 771 541 834 captivo
552 768 669 819 famulus
679 771 803 819 mittetur
813 769 848 819 ab
859 768 945 833 latro,

364 845 409 910 qui
423 844 582 894 Tiburtinas
592 859 705 910 pascere
715 844 804 909 possit
815 858 890 894 oves.

599 954 633 990 8¹.
657 948 697 990 Ad
717 948 843 989 Lausum.

327 1025 453 1091 Triginta
463 1031 523 1075 toto
534 1025 608 1075 mala
617 1031 680 1075 sunt
690 1025 890 1092 epigrammata
901 1025 978 1078 libro
987 1043 1007 1078 2-

363 1101 387 1149 si
396 1099 511 1149 totidem
522 1100 596 1150 bona
606 1105 677 1162 sunt,
687 1098 789 1161 Lause,
799 1099 870 1150 liber
880 1099 975 1152 bonus
985 1109 1036 1153 est.

572 1209 605 1246 82.
632 1206 670 1246 De
692 1201 867 1258 Menophilo.

325 1279 480 1348 Menophili
490 1296 584 1347 penem
595 1289 652 1332 tarn
662 1281 774 1347 grandis
784 1280 869 1331 fibula
879 1282 976 1345 vestit,

364 1361 393 1406 ut
402 1357 439 1406 sit
448 1356 589 1407 comoedis
601 1357 726 1407 omnibus
736 1371 791 1405 nna
801 1356 879 1406 satis.

325 1429 406 1480 Hunc
417 1446 467 1497 ego
479 1430 647 1481 credideram
658 1434 733 1491 (nam
744 1445 825 1495 saepe
835 1430 965 1482 lavamur
974 1433 1005 1483 in
1014 1434 1097 1495 unum)

362 1505 511 1555 sollicitum
521 1506 583 1555 voci
594 1521 714 1571 parcere,
724 1505 746 1555 F
748 1505 832 1567 lacce,
843 1520 920 1555 suae.

324 1578 396 1630 Dum
408 1580 479 1630 ludit
488 1580 578 1630 medio
588 1580 690 1646 populo
702 1584 841 1645 spectante
852 1580 1005 1645 palaestra,

363 1655 476 1721 delapsa
486 1662 528 1705 est
537 1656 637 1707 misero
648 1654 748 1704 fibula:
762 1669 860 1719 verpus
871 1661 941 1704 erat.

560 1753 612 1802 ⁴83.
638 1761 676 1801 Dc
697 1757 864 1814 Eutrapelo.

323 1836 487 1903 Eutrapelus
497 1842 594 1887 tonsor
604 1837 667 1886 dum
678 1837 775 1887 circuit
784 1851 834 1886 ora
844 1834 977 1902 Luperci,

362 1914 537 1979 expingitquc
550 1927 646 1977 genas:
664 1912 751 1963 altera
760 1911 847 1961 barba
857 1911 941 1962 subit.

609 2020 643 2058 84.
668 2016 706 2056 At
726 2014 836 2058 librum.

323 2091 396 2143 Dum
406 2107 468 2143 rnea
479 2091 601 2142 Caecilio
612 2091 747 2143 formatur
756 2093 849 2159 imago
861 2091 1002 2158 Secundo,

360 2168 448 2232 spirat
458 2171 485 2215 et
496 2173 592 2232 arguta
603 2168 678 2231 picta
687 2167 791 2220 tabella
801 2183 897 2218 manu:

323 2242 342 2302 l,
353 2240 432 2303 liber,
444 2241 478 2291 ad
491 2239 615 2290 Geticam
629 2241 744 2303 Peucen,
756 2241 908 2308 lstrumque
917 2248 1067 2295 tacentem:

360 2313 429 2366 haec
438 2316 501 2366 loca
513 2316 673 2381 perdomitis
683 2316 810 2382 gentibus
820 2316 869 2366 ille
877 2323 963 2368 tenet.

323 2389 413 2441 Parva
424 2390 502 2441 dabis
514 2406 588 2452 caro,
599 2390 646 2440 scd
658 2390 751 2440 dulcia
762 2391 843 2453 dono,
854 2390 963 2442 sodali:

361 2466 464 2515 certior
473 2466 502 2515 in
512 2470 607 2516 nostro
619 2464 738 2515 carmine
749 2465 838 2515 vultus
849 2466 910 2516 erit.

325 2539 439 2590 Casibus
450 2537 495 2590 hic
505 2539 596 2602 nullis,
607 2540 689 2589 nullis
704 2540 830 2590 delebilis
840 2540 920 2592 annis

362 2615 443 2677 vivet,
454 2614 593 2680 Apellerun
604 2630 664 2665 cum
675 2615 806 2666 morietur
821 2630 900 2681 opus.

584 2714 618 2751 85.
643 2711 680 2751 ad
702 2707 854 2751 Sabellum.

322 2785 404 2848 Quod
412 2803 469 2839 non
480 2786 583 2841 insulse
594 2787 693 2840 scribis
701 2783 864 2838 tetrasticha
875 2787 1022 2852 quaedam,

346 2863 475 2920 disticha
487 2868 566 2938 qnod
576 2867 653 2921 belle
662 2880 768 2937 pauca,
776 2858 996 2921 Satelles-acin.
