2750 3450
622 474 670 514 120·
695 469 832 535 Ligulss
854 511 859 522 ,
881 436 894 485 Ι·

397 565 528 627 Quamvis
538 579 581 615 me
590 563 703 632 ligulam
714 564 808 615 dicant
817 579 881 630 equi
956 596 959 603 ·
992 628 995 635 Ι
1064 612 1068 637 .·

434 640 513 692 dicor
524 639 558 690 ab
568 639 689 691 indoctis
698 639 804 706 lingula
812 654 919 705 gramm
992 632 1004 649 '¹

666 764 715 804 121.
739 759 919 805 cochlearia.

397 855 462 907 Sum
472 853 594 907 cochleis
605 852 716 917 habilis,
726 854 775 905 sed
784 869 834 904 nec
843 855 933 906 minus
943 855 1018 906 utilis

433 930 565 998 numquid
575 930 639 993 sois,
649 930 743 996 potius
753 944 801 979 cur
813 928 956 980 cochleare
965 945 1047 981 socer

698 1054 747 1093 122.
768 1049 882 1092 Annali.

394 1147 463 1198 Ante
472 1145 609 1212 frequens,
619 1144 667 1196 sed
677 1160 748 1195 3333
757 1160 835 1195 rarus
845 1160 896 1195 nos
910 1144 996 1195 donat
1004 1146 1118 1197 amicus:

431 1220 498 1272 felix
508 1221 552 1272 cui
564 1232 655 1271 comes
665 1224 708 1270 est
717 1235 772 1270 333
782 1219 886 1269 alicnus
896 1235 987 1286 eques.

636 1326 683 1366 12³.
708 1322 943 1375 Dactyliotheca.

395 1419 483 1486 Saepe
492 1418 584 1486 gravis
594 1417 690 1483 digitis
700 1416 818 1466 elabitur
828 1417 942 1467 annulus
952 1417 1054 1468 unctis:

431 1499 492 1545 1313
501 1507 563 1543 mea
573 1491 621 1542 liet
629 1491 678 1542 scd
687 1496 737 1542 133
745 1505 853 1558 gemma
862 1491 924 1542 lide.
1000 1506 1004 1527 ¹

711 1600 759 1638 124.
785 1595 871 1649 Toga.

393 1690 533 1745 Romanos
543 1707 634 1745 rerum
644 1691 779 1754 dominos,
789 1696 948 1759 gentemque
956 1696 1082 1760 togatam

429 1768 564 1833 1113131311,
575 1768 735 1835 magno-qui
745 1767 821 1818 dedu
831 1772 907 1817 astra
914 1769 996 1833 patri.

715 1876 762 1915 125.
785 1871 869 1914 Idem.

394 1966 426 2019 Si
434 1968 585 2019 matutinos
594 1966 676 2018 facile
687 1966 791 2017 esttibi
802 1982 925 2032 rumpere
935 1982 1059 2018 somnos:

431 2042 527 2094 3113113
535 2042 626 2093 veniet
634 2042 759 2108 sportula
768 2056 850 2107 saepe
860 2047 935 2109 toga.

673 2148 721 2188 121.
745 2145 902 2188 Endromis.

392 2235 525 2304 Pauperis
535 2245 577 2290 est
585 2255 691 2302 munus,
701 2239 749 2290 sed
759 2244 866 2289 nonest
875 2240 1003 2306 pauperis
1013 2256 1091 2291 usus:

429 2312 499 2364 hano
508 2315 561 2365 cibi
570 2330 620 2381 pro
629 2315 711 2365 laena
720 2314 852 2365 mittimus
862 2315 1030 2366 endromida.

609 2421 656 2462 121.
682 2418 843 2461 Canusinae
861 2420 968 2463 fuscae.

393 2509 470 2561 Haec
479 2512 530 2562 tibi
540 2514 650 2564 turbato
662 2512 800 2563 Canusina
809 2513 949 2563 simillima
960 2512 1048 2563 mulso

429 2601 525 2637 133333
538 2588 597 2637 erit.
620 2586 729 2639 Gaude:
748 2604 803 2638 333
814 2589 868 2638 3113
880 2588 927 2639 fiet
937 2604 1012 2638 anus.

634 2695 681 2735 128.
706 2692 941 2736 Bardocucullus.

396 2778 488 2832 Gallia
499 2782 648 2837 Santonico
658 2788 777 2857 33311113
787 2787 998 2838 bardocuculloc

309 2877 385 3043 Ἰ
432 2858 680 2925 cercopithecorum
690 2863 808 2928 paenula
818 2878 902 2928 nuper
913 2867 979 2914 erat.
