2750 3450
443 372 765 422 netennmmnnvm
785 376 853 422 [AB.
875 377 906 422 ΙΙ.
1038 376 1071 428 ⁶3

280 495 401 550 Differat
409 495 471 562 hoe,
482 499 586 564 patrios
598 502 674 564 optat
684 497 732 563 qui
740 498 846 549 vincere
860 515 964 562 census,

318 573 442 640 atriaque
453 573 608 623 immodicis
619 577 707 622 arctat
716 572 888 638 imaginibus.

279 647 326 698 Me
337 646 424 709 foetis,
435 652 462 697 et
470 648 565 713 nigros
575 662 629 696 nen
639 646 810 712 indignantia
820 645 909 698 fumos

317 726 391 774 tecta
400 721 502 783 invent,
513 726 540 772 et
550 719 612 771 fons
622 722 710 781 vivus,
725 726 752 770 et
762 718 845 770 herba
855 723 939 772 rudis.

280 794 323 847 Sit
332 793 400 846 mihi
411 810 492 847 verna
501 803 591 846 satin:
611 795 648 845 sit
658 809 714 844 non
724 794 884 846 doetissimn
893 798 1006 848 coniux:

316 871 354 921 sit
363 884 418 921 nox
428 884 488 920 eum
498 884 607 921 somno:
628 869 733 918 sitsine
743 869 792 919 lite
803 869 870 919 dies.

362 1008 376 1032 t
430 992 465 1033 ee.
487 988 528 1031 Ad
549 987 698 1030 Gaesarem
717 987 915 1032 Domitianum.

280 1083 378 1134 Rerum
389 1088 463 1134 certa
472 1082 556 1145 salus,
566 1088 697 1134 terrerem
708 1081 811 1149 glorie,
819 1082 929 1147 Caesar,

315 1158 419 1223 sospite
430 1173 484 1224 qno
494 1171 608 1222 magnos
619 1157 753 1207 credimus
764 1172 823 1208 esse
832 1158 912 1210 deos:

278 1233 303 1283 si
312 1229 449 1282 festinatis
458 1232 542 1282 toties
552 1231 602 1281 tibi
612 1230 683 1281 lecte
693 1230 794 1282 libellis

315 1306 454 1358 detinuere
465 1305 560 1356 oeulos
571 1306 693 1355 earmina
702 1311 797 1357 nostra
806 1312 882 1357 tuos:

278 1381 352 1446 quod
362 1379 473 1432 fortune
482 1384 556 1430 vetat
566 1379 633 1442 fieri,
643 1381 769 1445 permitte
778 1381 874 1444 videri,

228 1466 230 1471 '
313 1460 439 1506 natorum
450 1455 557 1522 genitor
568 1454 662 1504 credar
671 1461 702 1504 ut
711 1471 770 1505 esse
779 1456 874 1506 trium.

278 1528 363 1593 Haec,
374 1530 399 1580 si
409 1529 546 1595 displicui,
556 1527 657 1578 fuerint
666 1529 768 1580 solatia
778 1530 871 1581 nobis:

312 1602 381 1656 haee
390 1603 493 1655 inerint
501 1603 581 1654 nobis
591 1604 722 1669 praemia,
733 1605 758 1654 si
768 1605 868 1671 placui.

549 1728 583 1769 92.
607 1724 647 1767 Ad
666 1738 789 1769 uxoren.

403 1817 537 1870 Natorum
548 1816 615 1869 mihi
624 1820 668 1869 ius
675 1819 757 1869 trium
768 1819 878 1885 roganti

401 1893 542 1944 Musaeum
551 1894 667 1959 pretinm
679 1892 755 1943 dedit
768 1908 898 1956 mearum,

403 1967 479 2019 solus
490 1968 536 2032 qui
546 1972 664 2034 poterat.
692 1966 815 2030 Videbis,
825 1983 903 2019 uxor.

404 2040 466 2092 Non
476 2040 556 2091 debet
566 2042 678 2091 Domini
689 2042 778 2108 perire
786 2058 890 2092 munus.

537 2165 572 2206 93.
596 2161 636 2204 Ad
655 2162 798 2215 Regulum.

273 2255 380 2307 Primus
390 2253 437 2305 ubi
448 2260 498 2319 est,
507 2256 609 2323 inquis,
619 2274 679 2307 cnm
689 2258 726 2308 sit
735 2257 806 2308 liber
815 2259 867 2310 iste
879 2259 1027 2311 secundus?

311 2329 385 2390 Quid
394 2328 506 2392 faeiem,
515 2331 540 2381 si
549 2331 610 2397 pius
619 2332 667 2382 iile
681 2332 794 2399 pudoris
805 2331 902 2384 hebeti

277 2405 315 2455 l'u
325 2411 417 2455 tamen
427 2401 498 2455 hune
509 2404 568 2455 fieri
578 2406 602 2455 si
612 2407 709 2468 mavis,
720 2405 832 2473 Regulo,
842 2408 972 2474 primum:

308 2494 391 2531 unum
400 2479 435 2530 de
444 2478 526 2531 titulo
537 2479 635 2531 tollere
644 2481 705 2531 iota
713 2486 802 2546 potes.

568 2739 767 2775 ...ns-.-
