2750 3450
415 363 738 410 EPIGRAMMATUM
770 364 839 410 LlB.
863 364 930 410 Xlll.
1021 361 1068 411 337

276 488 333 541 Nec
342 493 435 538 tamen
445 485 498 538 hoc
507 487 619 536 nimium
629 485 698 536 nihil
709 493 758 550 est,
769 488 794 537 si
804 488 935 539 candidus
947 504 1020 549 arne,

313 580 363 615 noc
373 562 507 614 matutina
516 562 540 612 si
550 559 618 611 mihi
627 561 717 612 fronte
727 563 810 612 venis.

550 669 570 706 3.
595 665 635 707 Ad
653 664 796 708 lectorem.

278 761 373 812 Omnis
383 761 412 810 in
421 757 475 810 hoc
484 758 582 826 gracili
592 759 748 810 Xnnronun
757 762 838 811 turba
848 761 942 813 libello

314 835 453 887 constabit
461 835 577 884 nummis
588 840 705 899 quatuor
715 843 787 885 emta
796 837 856 886 tibi.

279 910 404 973 Quatuor
414 914 456 959 est
464 909 589 959 nimiunn:
606 911 709 975 poterit
719 916 843 961 constare
854 910 969 974 dnobus,

314 991 342 1037 et
351 984 436 1035 faciet
444 983 547 1034 lucrum
558 984 714 1049 bibliopola
725 982 865 1051 Tryphon.

277 1060 355 1111 llaec
364 1059 430 1110 licet
438 1056 593 1125 hospitibus
603 1073 653 1123 pro
664 1074 775 1109 munere
786 1057 903 1109 disticha
912 1060 1015 1121 mittas,

314 1137 338 1185 si
348 1133 401 1184 tibi
410 1138 466 1184 tam
477 1148 563 1196 rarus,
575 1147 655 1198 quam
666 1132 742 1196 mihi,
752 1150 875 1184 nummus
886 1135 947 1185 erit.

277 1210 379 1260 Addita
389 1223 437 1274 per
446 1207 543 1258 titulos
554 1223 604 1257 sua
612 1209 725 1258 nornina
734 1208 814 1258 rebus
824 1205 950 1259 habebis:

314 1289 480 1351 praetereas,
490 1283 515 1332 si
526 1282 591 1348 qrrid
600 1298 655 1332 non
666 1282 735 1333 iacit
745 1283 780 1333 ad
790 1282 967 1334 stomachum.

618 1392 638 1428 h
663 1387 728 1431 Tus

279 1480 361 1533 Serus
371 1485 402 1531 ut
411 1479 552 1532 aethereae
565 1480 742 1532 Germanicus
752 1483 866 1549 imperet
876 1483 964 1545 aulae,

315 1562 398 1623 utque
409 1555 455 1606 diu
465 1557 555 1619 terris,
567 1556 602 1606 da
611 1557 659 1622 pia
668 1561 731 1606 tura
740 1555 808 1608 lovi.

605 1666 624 1702 a
649 1660 744 1714 Pipen

280 1755 366 1807 Cerea
376 1770 445 1821 quoe
454 1756 548 1821 patulo
559 1756 633 1806 lucet
642 1755 760 1807 ficedula
769 1755 871 1819 lumbo,

317 1845 376 1881 cum
387 1830 438 1881 tihi
448 1829 519 1881 forte
530 1831 619 1894 datan,
630 1833 654 1882 si
664 1832 748 1897 sapis,
760 1830 829 1882 adde
839 1832 925 1898 piper.

609 1939 630 1978 b
653 1934 744 1979 Ach

278 2028 337 2081 Nos
348 2029 455 2093 alicam,
465 2029 581 2080 nsulsum
591 2031 693 2095 poterit
702 2030 753 2081 tibi
763 2030 870 2080 mittere
881 2029 965 2080 dives.

316 2102 347 2157 si
357 2105 409 2155 tibi
418 2104 537 2155 noluerit
546 2105 652 2155 mittere
663 2104 748 2167 dives,
759 2120 826 2155 enne,

542 2212 562 2251 L
587 2208 800 2251 coneha-faba

279 2287 310 2340 Si
320 2295 426 2355 spumet
434 2289 517 2341 rubra
527 2289 637 2342 conchis
646 2292 698 2341 tibi
709 2290 813 2356 pallida
826 2293 906 2353 testa,

315 2364 452 2416 lautorum
462 2366 555 2416 coenis
564 2381 645 2433 saepe
658 2379 759 2431 negare
769 2369 856 2430 potes.

620 2474 640 2512 b
664 2470 726 2512 Fan

278 2546 371 2597 imbue
381 2547 502 2613 plebeias
514 2545 631 2596 Clusinis
641 2547 763 2612 pultibus
774 2547 853 2608 ollas,

315 2627 346 2672 ut
355 2627 430 2672 satur
440 2623 469 2672 in
479 2622 571 2671 vacuis
582 2620 674 2671 dulcia
683 2626 774 2671 musta
785 2621 873 2671 bibas.

611 2729 630 2768 b
656 2726 736 2767 Lens

277 2803 378 2867 Accipe
385 2801 529 2866 Niliacam,
540 2802 655 2857 Pelusia
665 2802 923 2870 manera,lentenn·.

305 2875 388 2924 vilior
395 2882 439 2926 est
445 2878 528 2943 alica,
543 2883 642 2938 carior
651 2883 708 2937 illa
717 2882 801 2936 laba.

317 2963 427 3010 Mser.
880 2975 905 3021 Ἰ
