2750 3450
334 360 383 413 298
619 362 838 411 maurinus

491 485 524 526 tt.
549 481 735 538 Epitaphium
755 483 834 524 cenis
852 481 971 534 Lydiae.

335 575 580 643 Amphitheatrales
590 577 662 627 inter
671 576 774 627 nutrita
783 575 931 642 magistros

372 652 505 714 venatrix,
516 652 593 702 silvis
604 666 709 716 aspera,
720 651 822 702 blanda
832 651 917 714 domi,

335 727 427 793 Lydia
437 726 556 788 dicebar,
568 725 679 776 domiuo
691 725 824 776 fidissima
833 725 950 789 Dextro,

373 803 419 867 qui
430 816 484 852 non
495 801 629 867 Erigones
639 800 734 850 mallet
746 797 846 850 habere
857 816 966 851 canem:

334 892 384 927 nec
395 877 450 942 qui,
462 876 578 926 Dictaea
589 873 738 941 Cephalum
750 875 783 926 de
794 879 873 942 gente
883 881 1002 938 secutus,

371 950 503 1001 luciferae
513 951 618 1016 pariter
627 950 701 1000 venit
711 949 746 1000 ad
757 955 832 999 astra
842 949 918 1000 deae.

335 1025 398 1077 Non
408 1041 450 1075 me
460 1026 544 1091 longa
554 1023 613 1074 dies
623 1039 674 1074 nec
682 1024 789 1074 inutilis
800 1023 914 1075 abstulit
924 1030 1010 1088 aetas,

373 1100 467 1166 qualia
476 1097 607 1149 Dulichio
618 1097 677 1149 fata
686 1098 762 1150 fuere
772 1100 841 1149 cani.

334 1175 477 1226 Fulmineo
489 1173 640 1240 spumantis
651 1174 711 1239 apri
721 1189 779 1223 sum
791 1173 871 1223 dente
880 1179 1012 1238 peremta,

373 1255 489 1315 quantus
499 1253 558 1298 erat
569 1248 704 1314 Calydon,
714 1253 769 1311 aut,
780 1246 957 1315 Erymanthe,
967 1255 1040 1300 turns.

334 1323 393 1375 Nec
404 1339 510 1391 queror,
521 1321 642 1374 infernas
653 1324 776 1388 quamvis
788 1324 842 1376 cito
852 1329 934 1389 rapto
944 1324 994 1374 suh
1009 1324 1121 1375 umbram

371 1415 427 1449 non
437 1398 516 1464 potui
525 1396 584 1448 fato
594 1398 733 1449 nobiliore
743 1399 823 1450 mori.

613 1522 647 1562 it).
669 1518 702 1561 In
721 1519 847 1563 Tuccam.

336 1612 470 1676 Vendere,
482 1614 583 1677 Tucca,
593 1619 673 1679 potes
685 1614 806 1665 centenis
816 1613 937 1664 millibus
948 1613 1053 1667 emtosi

374 1689 514 1754 plorantes
525 1689 652 1741 dominos
667 1690 792 1752 vendere,
804 1689 906 1752 Tucca,
916 1688 1015 1755 potes!

335 1770 423 1815 necte
437 1764 598 1826 blanditiae,
612 1780 664 1815 uec
672 1764 764 1827 verba,
775 1764 910 1829 rudesque
920 1765 1058 1830 querelae,

373 1845 459 1890 necte
470 1840 548 1890 dente
559 1845 607 1889 tuo
618 1840 713 1890 saucia
724 1839 797 1889 colla
806 1837 931 1890 moventi

335 1912 376 1963 Ah
388 1912 508 1964 facinusl
528 1915 621 1964 tunica
630 1917 707 1979 patet
716 1914 816 1980 inguen
830 1914 957 1979 utrinque
972 1915 1075 1977 levata;

374 1989 571 2054 inspiciturque
581 1993 629 2038 tua
639 1988 760 2038 mentula
769 1988 844 2038 facta
853 2004 944 2038 manu.

335 2061 366 2113 Si
376 2069 402 2113 te
414 2063 532 2113 delectat
540 2068 682 2113 numerata
692 2062 817 2129 pecunia',
828 2063 914 2113 vende

373 2143 521 2203 argentum,
533 2153 649 2199 mensas,
660 2135 810 2203 myrrhina,
820 2153 893 2199 rnre,
906 2138 1031 2191 domum:

335 2213 421 2262 vende
436 2227 512 2263 senes
528 2227 630 2275 servos,
642 2227 724 2278 agros
734 2217 761 2262 et
770 2212 855 2263 vende
866 2218 1009 2277 paternos:

372 2302 405 2336 ne
415 2302 516 2352 pucros
526 2287 636 2349 vendas,
649 2287 741 2337 omnia
751 2287 836 2337 vende
846 2287 937 2338 miser.

335 2361 459 2411 Luxuria
466 2367 507 2411 est
512 2359 666 2424 emerehos,
673 2362 747 2426 (quis
752 2363 822 2411 enim
833 2361 984 2428 dubitatve,
989 2361 1119 2434 negatvel)

373 2437 421 2487 sed
435 2436 521 2486 multo
535 2437 625 2487 maior
635 2437 751 2486 vendere
760 2436 869 2487 luxuria
879 2442 928 2488 est.

630 2561 665 2601 t1.
690 2559 730 2601 De
750 2558 833 2600 Leda.

335 2650 510 2716 Hystericam
521 2652 613 2704 vetulo
624 2668 653 2703 se
664 2652 772 2703 dixerat
782 2667 841 2703 esse
850 2653 961 2716 marito,

373 2730 400 2773 et
411 2727 532 2790 queritur
541 2726 611 2777 futui
623 2726 701 2778 Leda
710 2741 820 2778 necesse
831 2727 897 2777 sihi:

336 2798 384 2849 sed
395 2797 461 2849 flens
473 2806 553 2866 atque
563 2817 672 2869 gemens
683 2802 754 2852 tanti
764 2807 846 2869 negat
855 2816 914 2853 esse
924 2803 1052 2869 salutem,

374 2888 456 2938 seque
466 2873 549 2926 refert
558 2877 651 2943 potins
663 2877 841 2943 proposuisse
850 2877 930 2928 mori.
