2750 3450
330 374 380 425 264
619 375 835 425 nanninus

332 499 385 549 llic
394 494 461 549 mihi
473 498 581 566 quando
593 498 651 549 dies
662 514 738 550 meus
747 498 804 550 esti
824 498 960 550 lactamur
971 499 1000 549 in
1012 499 1070 552 alto

367 574 451 636 urbis,
463 573 528 623 etin
538 573 625 623 sterili
635 574 693 623 vita
703 572 798 624 labore
808 573 887 639 perit,

332 649 400 699 dura
414 646 562 699 suburbani
572 647 635 698 dum
649 648 745 713 iugera
755 648 892 713 pascimus
903 647 972 714 agri,

367 723 527 788 vicinosque
537 722 598 784 tibi,
609 726 702 772 sancte
714 721 836 784 Quirine,
846 721 942 773 Lares.

331 796 385 849 Sed
395 813 450 849 non
461 798 537 848 solus
548 803 629 859 amat,
642 797 689 863 qui
699 802 779 848 nocte
791 796 888 863 dieque
898 795 1055 864 frequentat

368 873 477 934 limina3
493 887 543 922 nec
552 877 640 923 vatem
651 872 721 921 talia
732 864 832 922 da‘mna
842 872 947 923 decent.

332 946 383 998 Per
392 946 547 998 veneranda
556 944 623 997 mihi
632 945 772 997 Musarum
783 961 871 1008 sacra,
882 961 930 1012 per
941 962 1036 999 omnes

370 1023 430 1073 iuro
443 1022 519 1084 deos,
530 1026 556 1071 et
566 1037 620 1072 non
632 1021 772 1073 officiosus
783 1037 854 1073 amo.

516 1129 551 1169 50.
574 1125 606 1168 In
625 1124 778 1169 delicato-
797 1125 940 1170 lectorem.

332 1205 482 1256 consumta
492 1209 534 1254 est
544 1218 598 1253 uno
609 1203 634 1254 si
644 1202 772 1254 lemmate
781 1204 891 1270 pagina,
900 1204 1013 1266 transis,

369 1285 396 1331 et
405 1279 533 1331 breviora
540 1277 603 1339 tibi,
612 1293 667 1329 non
677 1279 794 1330 meliora
803 1279 920 1345 placent.

331 1355 425 1417 Dives,
436 1359 506 1404 etex
517 1351 591 1403 omni
600 1352 693 1418 posita
704 1359 746 1403 est
754 1354 888 1404 instructa
898 1352 1015 1403 macello

368 1444 455 1480 coena
463 1428 523 1489 tibi,
535 1426 582 1477 sed
593 1432 620 1476 te
630 1432 733 1478 mattea
743 1427 804 1478 sola
814 1429 917 1478 iuvant

331 1503 356 1556 N
358 1520 394 1555 on
404 1519 473 1570 opus
483 1506 524 1554 est
533 1501 614 1552 nobis
624 1502 737 1553 nimium
747 1502 849 1554 lectore
859 1502 968 1570 muoso.

369 1577 534 1640 Huncvolo,
548 1577 594 1643 qui
604 1575 718 1628 fiatnon
728 1577 787 1628 sine
796 1592 867 1643 pane
877 1582 963 1628 sauir.

615 1667 650 1707 tlu.
673 1665 714 1708 Dc
732 1665 842 1708 Manna.

330 1742 394 1795 lura
403 1744 485 1793 trium
495 1742 576 1809 petiit
586 1758 603 1793 a
612 1742 731 1794 Caesare
741 1742 939 1809 discipulorum

368 1823 493 1870 assuetus
504 1833 609 1885 semper
618 1817 722 1868 Munna
732 1817 832 1868 docere
841 1817 921 1867 duos.

544 1907 578 1948 61.
604 1905 789 1961 Epitaphium
808 1904 910 1947 Erotii.

331 1982 386 2033 Hic
394 1982 525 2033 festinata
535 1982 681 2048 requiescit
691 1981 808 2032 Erotion
821 1982 926 2045 umbra,

369 2058 482 2109 crimine
493 2072 573 2123 quam
584 2056 636 2107 fati
646 2062 724 2107 sexta
735 2056 849 2123 peremit
858 2055 954 2108 hiems.

262 2141 267 2152 “
333 2131 465 2197 Quisquis
476 2131 531 2181 eris
540 2133 627 2182 nostri
638 2140 703 2197 post
710 2146 754 2182 me
763 2136 894 2197 regnator
903 2133 997 2198 agelli,

370 2205 499 2256 Manibus
510 2206 616 2273 exiguis
626 2221 717 2256 annua
725 2208 799 2257 iusta
808 2206 884 2257 dato.

333 2280 379 2333 Sic
391 2278 464 2331 Lare
474 2285 614 2347 perpetuo,
624 2281 665 2331 sio
673 2281 755 2332 turba
763 2281 878 2346 sospite,
888 2280 965 2333 solus

369 2354 471 2407 flebilis
480 2356 509 2406 ln
518 2360 593 2406 terra
602 2356 639 2407 sit
647 2356 720 2423 lapis
730 2357 783 2407 iste
792 2360 849 2406 tua.

545 2446 579 2485 62.
604 2443 643 2485 Ad
662 2444 826 2495 magistrum
845 2442 914 2487 lulli.

408 2520 482 2572 Ludi
490 2521 630 2587 magister,
640 2534 722 2586 parce
733 2520 853 2585 simplici
861 2520 973 2571 turbant

407 2597 448 2647 sic
457 2601 484 2646 te
494 2594 648 2661 frequentes
659 2595 774 2646 audiant
784 2594 917 2661 capillati,

407 2675 435 2721 et
444 2670 581 2723 delicatae
591 2670 690 2737 diligat
701 2668 800 2721 chorus
809 2684 933 2721 mennaei

407 2759 458 2796 nea
467 2745 627 2810 calculator,
636 2759 687 2795 nec
696 2745 821 2797 notarius
829 2744 911 2795 velox

407 2821 513 2871 maiore
524 2820 667 2885 quisquam
679 2819 782 2870 circulo
794 2825 948 2872 coronetur.

407 2894 492 2946 Albae
503 2894 582 2944 leone
592 2892 718 2946 flammeo
729 2894 819 2945 calent
827 2894 912 2960 luces,
