2750 3450
442 369 755 418 Erlounmmnrou
781 371 851 417 ΗΒ.
873 371 903 417 V.
1019 368 1069 420 125

529 493 564 534 36.
588 491 626 533 Ad
645 490 817 534 Faustinum.

281 583 423 636 Laudatus
433 590 527 635 nostro
539 585 657 650 qnidam,
667 583 807 646 Faustine,
817 583 912 635 libello

318 658 481 722 dissimulat,
491 659 570 726 quasi
579 659 619 708 nil
629 659 740 710 debeat:
754 659 894 726 imposuit.

505 785 540 824 at.
564 781 603 824 lle
622 781 721 823 Erotio
741 778 844 836 puelle.

336 872 432 925 Puella
441 875 549 926 senibus
560 875 667 926 dulcior
676 873 744 925 mihi
754 875 858 941 cygnis,

336 963 408 1014 agna
418 946 511 1000 Galesi
521 949 632 1000 mollior
641 947 807 1012 Phalantini,

336 1022 441 1093 concha
450 1023 562 1075 Lucrini
572 1024 718 1074 delicatior
726 1023 829 1090 stagni3

336 1098 381 1149 cui
390 1113 440 1149 nec
449 1098 560 1164 lapillos
570 1097 708 1165 praeferas
717 1096 894 1164 Erythraeos,

335 1188 386 1224 nec
395 1173 478 1224 modo
490 1172 603 1240 politum
615 1173 727 1238 pecudis
737 1172 847 1223 lndicae
857 1172 973 1237 dentem,

333 1248 463 1314 nivesque
474 1249 583 1313 primas,
594 1247 735 1314 liliumque
744 1262 800 1298 non
807 1251 923 1298 tactum:

335 1337 405 1388 quae
418 1323 491 1372 crine
501 1322 567 1373 vicit
577 1321 685 1372 Baetici
694 1322 784 1388 gregis
794 1321 890 1385 vellus,

334 1394 475 1462 Rhenique
484 1397 581 1459 nodos,
593 1410 756 1462 aureamque
765 1396 891 1460 nitelam

335 1470 469 1537 fragravit
479 1485 534 1534 ore,
546 1471 618 1538 quod
629 1471 763 1521 rosarium
773 1470 875 1534 Paesti,

336 1545 409 1612 quod
419 1546 567 1596 Atticarum
579 1546 666 1610 prima
676 1545 759 1596 mella
769 1561 899 1608 ceramon,

335 1619 409 1686 quod
420 1621 591 1671 succinorum
600 1624 681 1685 rapta
694 1620 727 1670 de
738 1635 820 1671 mann
829 1620 923 1687 gleha3

336 1695 380 1745 cui
391 1699 563 1761 comparatus
572 1693 699 1746 indecens
709 1700 769 1746 erat
780 1710 860 1762 pavo,

334 1770 492 1821 inamabilis
503 1771 617 1832 sciurus,
628 1776 655 1819 et
664 1768 791 1835 frequens
800 1768 932 1835 phoenix:

336 1842 426 1894 adhuc
434 1846 537 1896 recenti
546 1851 620 1911 tepet
629 1844 745 1894 Erotion
757 1844 848 1905 husto,

335 1933 418 1986 quam
427 1921 605 1985 pessimorum
615 1918 660 1969 lex
670 1917 890 1981 aemulatorum,

336 1999 415 2044 sexta
425 1995 528 2061 peregit
538 1993 634 2056 hieme,
644 2008 695 2044 nec
703 2000 795 2044 tamen
803 1998 871 2056 tota,

334 2073 445 2120 nostros
457 2083 572 2131 amores,
581 2069 773 2136 gaudiumque,
783 2068 920 2133 linusque.

335 2141 372 2193 Et
382 2158 441 2194 esse
451 2144 555 2194 tristem
566 2160 608 2195 me
617 2159 693 2195 meus
702 2149 777 2195 vetat
786 2142 898 2194 Paetus:

335 2223 483 2285 pectusque
493 2218 612 2285 pulsans,
622 2220 725 2285 pariter
734 2226 762 2269 et
771 2232 876 2269 comam
888 2217 1002 2268 vellens:

337 2291 436 2344 dellcre
445 2310 501 2345 non
510 2300 537 2344 te
547 2293 674 2345 vernulae
683 2294 767 2359 pudet
779 2290 910 2344 mortemi

336 2368 397 2436 Ego
409 2370 559 2435 coniugem,
569 2370 667 2434 inquit,
677 2368 771 2430 extuli,
781 2373 809 2418 et
817 2372 907 2416 tamen
917 2366 990 2428 rivo,

320 2471 326 2478 ·
336 2450 438 2507 notam,
450 2444 602 2509 superbam,
612 2443 742 2503 nobilem,
752 2440 924 2506 locupletem.

338 2518 411 2579 onio
422 2533 481 2569 esse
490 2524 585 2570 nostro
596 2517 696 2569 lortius
706 2521 797 2582 potest
808 2512 911 2565 Paeto!

337 2593 485 2644 Ducenties
495 2593 610 2659 accepit,
620 2598 648 2642 et
657 2597 748 2642 tamen
758 2590 834 2640 vivit.

520 2717 555 2757 ³8.
577 2712 609 2757 ln
628 2709 832 2754 Calliodorun.

281 2808 459 2861 Calliodorus
466 2806 551 2860 hahet
560 2823 671 2862 censum
683 2806 761 2878 (quis
768 2803 891 2871 nescitii
905 2808 1079 2873 equestrem,

306 2879 405 2933 Sexte:
417 2882 469 2938 sed
477 2884 635 2943 ctiratrem
648 2887 845 2946 Calliodorus
850 2882 956 2940 hahet.
