<?xml version="1.0" encoding="UTF-8"?>
<!DOCTYPE html PUBLIC "-//W3C//DTD XHTML 1.0 Transitional//EN"
    "http://www.w3.org/TR/xhtml1/DTD/xhtml1-transitional.dtd">
<html xmlns="http://www.w3.org/1999/xhtml" xml:lang="en" lang="en">
 <head>
  <title>
</title>
<meta http-equiv="Content-Type" content="text/html;charset=utf-8" />
  <meta name='ocr-system' content='tesseract 3.04.00' />
  <meta name='ocr-capabilities' content='ocr_page ocr_carea ocr_par ocr_line ocrx_word'/>
</head>
<body>
  <div class='ocr_page' id='page_1' title='image "./mvaleriimartial03martgoog_0252.png"; bbox 0 0 2750 3450; ppageno 0'>
   <div class='ocr_carea' id='block_1_1' title="bbox 429 362 1064 414">
    <p class='ocr_par' dir='ltr' id='par_1_1' title="bbox 429 362 1064 414">
     <span class='ocr_line' id='line_1_1' title="bbox 429 362 1064 414; baseline -0.003 0"><span class='ocrx_word' id='word_1_1' title='bbox 429 365 743 414; x_wconf 75' lang='lat' dir='ltr'><strong>Errousmmhrum</strong></span> <span class='ocrx_word' id='word_1_2' title='bbox 772 367 842 412; x_wconf 76' lang='grc' dir='ltr'><strong>ΗΒ.</strong></span> <span class='ocrx_word' id='word_1_3' title='bbox 859 366 903 413; x_wconf 80' lang='lat' dir='ltr'><strong>IX.</strong></span> <span class='ocrx_word' id='word_1_4' title='bbox 1015 362 1064 412; x_wconf 71' lang='lat'><strong>243</strong></span> 
     </span>
    </p>
   </div>
   <div class='ocr_carea' id='block_1_2' title="bbox 245 487 1051 784">
    <p class='ocr_par' dir='ltr' id='par_1_2' title="bbox 245 487 1051 631">
     <span class='ocr_line' id='line_1_2' title="bbox 245 487 1051 558; baseline -0.007 -14"><span class='ocrx_word' id='word_1_5' title='bbox 245 528 248 533; x_wconf 87' lang='lat'><em>-</em></span> <span class='ocrx_word' id='word_1_6' title='bbox 274 491 343 544; x_wconf 83' lang='lat' dir='ltr'><strong>Tam</strong></span> <span class='ocrx_word' id='word_1_7' title='bbox 353 492 477 558; x_wconf 88' lang='lat' dir='ltr'><strong>stupidus</strong></span> <span class='ocrx_word' id='word_1_8' title='bbox 487 506 634 557; x_wconf 82' lang='lat' dir='ltr'><strong>numquam</strong></span> <span class='ocrx_word' id='word_1_9' title='bbox 642 506 694 541; x_wconf 92' lang='lat' dir='ltr'><strong>nec</strong></span> <span class='ocrx_word' id='word_1_10' title='bbox 702 495 740 553; x_wconf 92' lang='lat' dir='ltr'><strong>tu,</strong></span> <span class='ocrx_word' id='word_1_11' title='bbox 752 494 827 556; x_wconf 92' lang='lat' dir='ltr'><strong>puto,</strong></span> <span class='ocrx_word' id='word_1_12' title='bbox 839 487 950 552; x_wconf 81' lang='lat' dir='ltr'><strong>Glauce,</strong></span> <span class='ocrx_word' id='word_1_13' title='bbox 964 487 1051 552; x_wconf 84' lang='lat' dir='ltr'><strong>fuisti,</strong></span> 
     </span>
     <span class='ocr_line' id='line_1_3' title="bbox 311 563 864 631; baseline -0.011 -12"><span class='ocrx_word' id='word_1_14' title='bbox 311 565 423 619; x_wconf 89' lang='lat' dir='ltr'><strong>chalcea</strong></span> <span class='ocrx_word' id='word_1_15' title='bbox 434 566 548 618; x_wconf 83' lang='lat' dir='ltr'>donanti</span> <span class='ocrx_word' id='word_1_16' title='bbox 557 563 673 631; x_wconf 86' lang='lat' dir='ltr'><strong>chrysea</strong></span> <span class='ocrx_word' id='word_1_17' title='bbox 684 566 730 631; x_wconf 89' lang='lat' dir='ltr'><strong>qui</strong></span> <span class='ocrx_word' id='word_1_18' title='bbox 740 565 864 615; x_wconf 81' lang='lat' dir='ltr'><strong>dederas.</strong></span> 
     </span>
    </p>

    <p class='ocr_par' dir='ltr' id='par_1_3' title="bbox 273 637 984 784">
     <span class='ocr_line' id='line_1_4' title="bbox 273 637 984 708; baseline -0.008 -14"><span class='ocrx_word' id='word_1_19' title='bbox 273 642 360 694; x_wconf 81' lang='lat' dir='ltr'>Dulce</span> <span class='ocrx_word' id='word_1_20' title='bbox 373 641 474 708; x_wconf 86' lang='lat' dir='ltr'><strong>aliquis</strong></span> <span class='ocrx_word' id='word_1_21' title='bbox 484 657 581 691; x_wconf 88' lang='lat' dir='ltr'><strong>munus</strong></span> <span class='ocrx_word' id='word_1_22' title='bbox 591 656 641 706; x_wconf 92' lang='lat' dir='ltr'><strong>pro</strong></span> <span class='ocrx_word' id='word_1_23' title='bbox 652 655 762 690; x_wconf 86' lang='lat' dir='ltr'><strong>munere</strong></span> <span class='ocrx_word' id='word_1_24' title='bbox 772 641 864 704; x_wconf 86' lang='lat' dir='ltr'><strong>poscit</strong></span> <span class='ocrx_word' id='word_1_25' title='bbox 874 637 984 689; x_wconf 80' lang='lat' dir='ltr'><strong>amaroi</strong></span> 
     </span>
     <span class='ocr_line' id='line_1_5' title="bbox 310 706 896 784; baseline -0.009 -16"><span class='ocrx_word' id='word_1_26' title='bbox 310 711 441 784; x_wconf 76' lang='lat' dir='ltr'><strong>Accipiat,</strong></span> <span class='ocrx_word' id='word_1_27' title='bbox 453 716 500 767; x_wconf 84' lang='lat' dir='ltr'><strong>sed</strong></span> <span class='ocrx_word' id='word_1_28' title='bbox 510 716 535 766; x_wconf 89' lang='lat' dir='ltr'><strong>si</strong></span> <span class='ocrx_word' id='word_1_29' title='bbox 544 716 660 782; x_wconf 88' lang='lat' dir='ltr'><strong>potatin</strong></span> <span class='ocrx_word' id='word_1_30' title='bbox 675 715 807 765; x_wconf 83' lang='lat' dir='ltr'><strong>elleboro.</strong></span> <span class='ocrx_word' id='word_1_31' title='bbox 890 706 896 725; x_wconf 88' lang='lat'>&#39;</span> 
     </span>
    </p>
   </div>
   <div class='ocr_carea' id='block_1_3' title="bbox 512 819 817 872">
    <p class='ocr_par' dir='ltr' id='par_1_4' title="bbox 512 819 817 872">
     <span class='ocr_line' id='line_1_6' title="bbox 512 819 817 872; baseline -0.01 -9"><span class='ocrx_word' id='word_1_32' title='bbox 512 823 546 864; x_wconf 78' lang='grc'><strong>96.</strong></span> <span class='ocrx_word' id='word_1_33' title='bbox 571 821 610 862; x_wconf 85' lang='lat' dir='ltr'><strong>De</strong></span> <span class='ocrx_word' id='word_1_34' title='bbox 628 819 817 872; x_wconf 77' lang='lat' dir='ltr'><strong>Athenagora</strong></span> 
     </span>
    </p>
   </div>
   <div class='ocr_carea' id='block_1_4' title="bbox 273 904 985 1348">
    <p class='ocr_par' dir='ltr' id='par_1_5' title="bbox 274 904 931 1048">
     <span class='ocr_line' id='line_1_7' title="bbox 274 904 931 974; baseline -0.003 -16"><span class='ocrx_word' id='word_1_35' title='bbox 274 904 403 974; x_wconf 78' lang='lat' dir='ltr'><strong>Alphicus</strong></span> <span class='ocrx_word' id='word_1_36' title='bbox 414 911 476 958; x_wconf 87' lang='lat' dir='ltr'><strong>ante</strong></span> <span class='ocrx_word' id='word_1_37' title='bbox 486 904 552 968; x_wconf 79' lang='lat' dir='ltr'><strong>fuit3</strong></span> <span class='ocrx_word' id='word_1_38' title='bbox 568 907 660 972; x_wconf 89' lang='lat' dir='ltr'><strong>coepit</strong></span> <span class='ocrx_word' id='word_1_39' title='bbox 669 921 740 957; x_wconf 89' lang='lat' dir='ltr'><strong>nunc</strong></span> <span class='ocrx_word' id='word_1_40' title='bbox 750 905 852 956; x_wconf 88' lang='lat' dir='ltr'><strong>Oliicns</strong></span> <span class='ocrx_word' id='word_1_41' title='bbox 863 920 931 968; x_wconf 87' lang='lat' dir='ltr'><strong>esse,</strong></span> 
     </span>
     <span class='ocr_line' id='line_1_8' title="bbox 309 979 874 1048; baseline -0.004 -16"><span class='ocrx_word' id='word_1_42' title='bbox 309 997 423 1035; x_wconf 86' lang='lat' dir='ltr'><strong>uxorem</strong></span> <span class='ocrx_word' id='word_1_43' title='bbox 433 985 578 1048; x_wconf 87' lang='lat' dir='ltr'><strong>postquam</strong></span> <span class='ocrx_word' id='word_1_44' title='bbox 590 981 668 1033; x_wconf 85' lang='lat' dir='ltr'><strong>duxit</strong></span> <span class='ocrx_word' id='word_1_45' title='bbox 676 979 874 1047; x_wconf 76' lang='lat' dir='ltr'><strong>Athenagoras.</strong></span> 
     </span>
    </p>

    <p class='ocr_par' dir='ltr' id='par_1_6' title="bbox 273 1054 985 1197">
     <span class='ocr_line' id='line_1_9' title="bbox 273 1054 985 1124; baseline -0.006 -17"><span class='ocrx_word' id='word_1_46' title='bbox 273 1055 379 1108; x_wconf 91' lang='lat' dir='ltr'><strong>Nomen</strong></span> <span class='ocrx_word' id='word_1_47' title='bbox 389 1054 579 1124; x_wconf 79' lang='lat' dir='ltr'><strong>Athenagorae</strong></span> <span class='ocrx_word' id='word_1_48' title='bbox 590 1056 687 1119; x_wconf 88' lang='lat' dir='ltr'><strong>credis,</strong></span> <span class='ocrx_word' id='word_1_49' title='bbox 700 1055 866 1118; x_wconf 81' lang='lat' dir='ltr'><strong>Callistrato,</strong></span> <span class='ocrx_word' id='word_1_50' title='bbox 876 1054 985 1106; x_wconf 79' lang='lat' dir='ltr'><strong>veruml</strong></span> 
     </span>
     <span class='ocr_line' id='line_1_10' title="bbox 310 1128 916 1197; baseline -0.005 -15"><span class='ocrx_word' id='word_1_51' title='bbox 310 1131 340 1182; x_wconf 92' lang='lat' dir='ltr'><strong>Si</strong></span> <span class='ocrx_word' id='word_1_52' title='bbox 351 1131 418 1194; x_wconf 86' lang='lat' dir='ltr'><strong>scio,</strong></span> <span class='ocrx_word' id='word_1_53' title='bbox 430 1131 592 1197; x_wconf 81' lang='lat' dir='ltr'><strong>dispeream,</strong></span> <span class='ocrx_word' id='word_1_54' title='bbox 603 1132 663 1197; x_wconf 89' lang='lat' dir='ltr'><strong>quis</strong></span> <span class='ocrx_word' id='word_1_55' title='bbox 675 1132 712 1181; x_wconf 89' lang='lat' dir='ltr'><strong>sit</strong></span> <span class='ocrx_word' id='word_1_56' title='bbox 720 1128 916 1197; x_wconf 79' lang='lat' dir='ltr'><strong>Athenagoras.</strong></span> 
     </span>
    </p>

    <p class='ocr_par' dir='ltr' id='par_1_7' title="bbox 275 1204 964 1348">
     <span class='ocr_line' id='line_1_11' title="bbox 275 1204 964 1272; baseline -0.004 -14"><span class='ocrx_word' id='word_1_57' title='bbox 275 1204 329 1258; x_wconf 82' lang='lat' dir='ltr'><strong>Sed</strong></span> <span class='ocrx_word' id='word_1_58' title='bbox 337 1213 404 1272; x_wconf 92' lang='lat' dir='ltr'><strong>puto</strong></span> <span class='ocrx_word' id='word_1_59' title='bbox 414 1221 457 1257; x_wconf 87' lang='lat' dir='ltr'><strong>me</strong></span> <span class='ocrx_word' id='word_1_60' title='bbox 466 1221 567 1268; x_wconf 87' lang='lat' dir='ltr'><strong>verum,</strong></span> <span class='ocrx_word' id='word_1_61' title='bbox 579 1206 746 1268; x_wconf 83' lang='lat' dir='ltr'><strong>Callistrato,</strong></span> <span class='ocrx_word' id='word_1_62' title='bbox 758 1206 849 1255; x_wconf 89' lang='lat' dir='ltr'><strong>dicere</strong></span> <span class='ocrx_word' id='word_1_63' title='bbox 858 1220 964 1256; x_wconf 80' lang='lat' dir='ltr'><strong>nomen·¹</strong></span> 
     </span>
     <span class='ocr_line' id='line_1_12' title="bbox 310 1278 906 1348; baseline -0.007 -15"><span class='ocrx_word' id='word_1_64' title='bbox 310 1297 366 1333; x_wconf 89' lang='lat' dir='ltr'><strong>non</strong></span> <span class='ocrx_word' id='word_1_65' title='bbox 376 1296 437 1348; x_wconf 90' lang='lat' dir='ltr'><strong>ego,</strong></span> <span class='ocrx_word' id='word_1_66' title='bbox 448 1281 496 1332; x_wconf 88' lang='lat' dir='ltr'><strong>sed</strong></span> <span class='ocrx_word' id='word_1_67' title='bbox 507 1287 594 1332; x_wconf 87' lang='lat' dir='ltr'><strong>vester</strong></span> <span class='ocrx_word' id='word_1_68' title='bbox 604 1286 701 1347; x_wconf 85' lang='lat' dir='ltr'><strong>peccat</strong></span> <span class='ocrx_word' id='word_1_69' title='bbox 710 1278 906 1346; x_wconf 77' lang='lat' dir='ltr'><strong>Athenagoras.</strong></span> 
     </span>
    </p>
   </div>
   <div class='ocr_carea' id='block_1_5' title="bbox 551 1385 787 1428">
    <p class='ocr_par' dir='ltr' id='par_1_8' title="bbox 551 1385 787 1428">
     <span class='ocr_line' id='line_1_13' title="bbox 551 1385 787 1428; baseline -0.008 0"><span class='ocrx_word' id='word_1_70' title='bbox 551 1388 586 1428; x_wconf 66' lang='lat'><strong>91.</strong></span> <span class='ocrx_word' id='word_1_71' title='bbox 611 1386 649 1427; x_wconf 87' lang='lat' dir='ltr'><strong>De</strong></span> <span class='ocrx_word' id='word_1_72' title='bbox 669 1385 787 1428; x_wconf 82' lang='lat' dir='ltr'><strong>Herode.</strong></span> 
     </span>
    </p>
   </div>
   <div class='ocr_carea' id='block_1_6' title="bbox 275 1460 1071 2619">
    <p class='ocr_par' dir='ltr' id='par_1_9' title="bbox 275 1460 1071 2619">
     <span class='ocr_line' id='line_1_14' title="bbox 275 1460 935 1527; baseline -0.005 -15"><span class='ocrx_word' id='word_1_73' title='bbox 275 1462 396 1513; x_wconf 85' lang='lat' dir='ltr'><strong>Clinicus</strong></span> <span class='ocrx_word' id='word_1_74' title='bbox 406 1460 532 1513; x_wconf 85' lang='lat' dir='ltr'><strong>Herodes</strong></span> <span class='ocrx_word' id='word_1_75' title='bbox 541 1463 653 1513; x_wconf 88' lang='lat' dir='ltr'><strong>trullam</strong></span> <span class='ocrx_word' id='word_1_76' title='bbox 662 1462 829 1512; x_wconf 84' lang='lat' dir='ltr'><strong>subduxerat</strong></span> <span class='ocrx_word' id='word_1_77' title='bbox 840 1475 935 1527; x_wconf 86' lang='lat' dir='ltr'><strong>aegro:</strong></span> 
     </span>
     <span class='ocr_line' id='line_1_15' title="bbox 312 1534 910 1604; baseline -0.008 -15"><span class='ocrx_word' id='word_1_78' title='bbox 312 1537 460 1604; x_wconf 85' lang='lat' dir='ltr'><strong>deprensus</strong></span> <span class='ocrx_word' id='word_1_79' title='bbox 471 1536 550 1599; x_wconf 81' lang='lat' dir='ltr'><strong>dixit,</strong></span> <span class='ocrx_word' id='word_1_80' title='bbox 562 1535 658 1600; x_wconf 85' lang='lat' dir='ltr'><strong>Stulte,</strong></span> <span class='ocrx_word' id='word_1_81' title='bbox 670 1537 737 1602; x_wconf 89' lang='lat' dir='ltr'><strong>quid</strong></span> <span class='ocrx_word' id='word_1_82' title='bbox 747 1551 812 1603; x_wconf 89' lang='lat' dir='ltr'><strong>ergo</strong></span> <span class='ocrx_word' id='word_1_83' title='bbox 822 1534 910 1586; x_wconf 78' lang='lat' dir='ltr'><strong>bihisl</strong></span> 
     </span>
     <span class='ocr_line' id='line_1_16' title="bbox 557 1639 785 1684; baseline -0.009 0"><span class='ocrx_word' id='word_1_84' title='bbox 557 1643 591 1684; x_wconf 83' lang='grc'><strong>98.</strong></span> <span class='ocrx_word' id='word_1_85' title='bbox 616 1640 655 1683; x_wconf 78' lang='lat' dir='ltr'><strong>Aa</strong></span> <span class='ocrx_word' id='word_1_86' title='bbox 674 1639 785 1683; x_wconf 83' lang='lat' dir='ltr'><strong>Iulium.</strong></span> 
     </span>
     <span class='ocr_line' id='line_1_17' title="bbox 275 1717 887 1786; baseline -0.007 -15"><span class='ocrx_word' id='word_1_87' title='bbox 275 1717 420 1786; x_wconf 85' lang='lat' dir='ltr'><strong>Rumpitur</strong></span> <span class='ocrx_word' id='word_1_88' title='bbox 428 1718 534 1770; x_wconf 86' lang='lat' dir='ltr'><strong>invidia</strong></span> <span class='ocrx_word' id='word_1_89' title='bbox 545 1718 664 1785; x_wconf 90' lang='lat' dir='ltr'><strong>quidam,</strong></span> <span class='ocrx_word' id='word_1_90' title='bbox 675 1718 816 1769; x_wconf 85' lang='lat' dir='ltr'><strong>carissime</strong></span> <span class='ocrx_word' id='word_1_91' title='bbox 826 1717 887 1779; x_wconf 90' lang='lat' dir='ltr'><strong>luli,</strong></span> 
     </span>
     <span class='ocr_line' id='line_1_18' title="bbox 313 1792 891 1861; baseline -0.007 -16"><span class='ocrx_word' id='word_1_92' title='bbox 313 1794 389 1861; x_wconf 83' lang='lat' dir='ltr'><strong>quod</strong></span> <span class='ocrx_word' id='word_1_93' title='bbox 398 1809 440 1844; x_wconf 85' lang='lat' dir='ltr'><strong>me</strong></span> <span class='ocrx_word' id='word_1_94' title='bbox 450 1792 624 1861; x_wconf 84' lang='lat' dir='ltr'><strong>Romo&#39;legit,</strong></span> <span class='ocrx_word' id='word_1_95' title='bbox 634 1794 769 1858; x_wconf 85' lang='lat' dir='ltr'><strong>rumpitur</strong></span> <span class='ocrx_word' id='word_1_96' title='bbox 777 1792 891 1843; x_wconf 88' lang='lat' dir='ltr'><strong>invidia.</strong></span> 
     </span>
     <span class='ocr_line' id='line_1_19' title="bbox 276 1868 959 1935; baseline -0.006 -14"><span class='ocrx_word' id='word_1_97' title='bbox 276 1868 423 1935; x_wconf 88' lang='lat' dir='ltr'><strong>Rumpitur</strong></span> <span class='ocrx_word' id='word_1_98' title='bbox 431 1869 546 1932; x_wconf 72' lang='lat' dir='ltr'><strong>invidia,</strong></span> <span class='ocrx_word' id='word_1_99' title='bbox 557 1869 630 1935; x_wconf 91' lang='lat' dir='ltr'><strong>quod</strong></span> <span class='ocrx_word' id='word_1_100' title='bbox 640 1869 721 1919; x_wconf 86' lang='lat' dir='ltr'><strong>turha</strong></span> <span class='ocrx_word' id='word_1_101' title='bbox 730 1882 836 1933; x_wconf 84' lang='lat' dir='ltr'><strong>semper</strong></span> <span class='ocrx_word' id='word_1_102' title='bbox 844 1868 874 1917; x_wconf 90' lang='lat' dir='ltr'><strong>in</strong></span> <span class='ocrx_word' id='word_1_103' title='bbox 884 1868 959 1917; x_wconf 91' lang='lat' dir='ltr'><strong>omni</strong></span> 
     </span>
     <span class='ocr_line' id='line_1_20' title="bbox 311 1942 869 2011; baseline -0.007 -16"><span class='ocrx_word' id='word_1_104' title='bbox 311 1948 495 1995; x_wconf 85' lang='lat' dir='ltr'><strong>monstramur</strong></span> <span class='ocrx_word' id='word_1_105' title='bbox 505 1944 602 2011; x_wconf 85' lang='lat' dir='ltr'><strong>digito,</strong></span> <span class='ocrx_word' id='word_1_106' title='bbox 612 1945 746 2009; x_wconf 88' lang='lat' dir='ltr'><strong>rumpitur</strong></span> <span class='ocrx_word' id='word_1_107' title='bbox 755 1942 869 1993; x_wconf 89' lang='lat' dir='ltr'><strong>invidia.</strong></span> 
     </span>
     <span class='ocr_line' id='line_1_21' title="bbox 276 2017 969 2085; baseline -0.001 -16"><span class='ocrx_word' id='word_1_108' title='bbox 276 2018 420 2085; x_wconf 87' lang='lat' dir='ltr'><strong>Rumpitur</strong></span> <span class='ocrx_word' id='word_1_109' title='bbox 428 2019 543 2081; x_wconf 87' lang='lat' dir='ltr'><strong>invidia,</strong></span> <span class='ocrx_word' id='word_1_110' title='bbox 553 2018 650 2069; x_wconf 88' lang='lat' dir='ltr'><strong>tribuit</strong></span> <span class='ocrx_word' id='word_1_111' title='bbox 659 2018 734 2085; x_wconf 88' lang='lat' dir='ltr'><strong>quod</strong></span> <span class='ocrx_word' id='word_1_112' title='bbox 745 2017 847 2069; x_wconf 83' lang='lat' dir='ltr'><strong>Caesar</strong></span> <span class='ocrx_word' id='word_1_113' title='bbox 855 2022 969 2084; x_wconf 86' lang='lat' dir='ltr'><strong>uterque</strong></span> 
     </span>
     <span class='ocr_line' id='line_1_22' title="bbox 311 2090 847 2160; baseline -0.002 -16"><span class='ocrx_word' id='word_1_114' title='bbox 311 2094 357 2144; x_wconf 90' lang='lat' dir='ltr'><strong>ius</strong></span> <span class='ocrx_word' id='word_1_115' title='bbox 367 2090 436 2143; x_wconf 89' lang='lat' dir='ltr'><strong>mihi</strong></span> <span class='ocrx_word' id='word_1_116' title='bbox 447 2097 582 2155; x_wconf 70' lang='lat' dir='ltr'><strong>natorum</strong></span> <span class='ocrx_word' id='word_1_117' title='bbox 593 2095 726 2160; x_wconf 87' lang='lat' dir='ltr'><strong>rumpitur</strong></span> <span class='ocrx_word' id='word_1_118' title='bbox 734 2093 847 2144; x_wconf 87' lang='lat' dir='ltr'><strong>invidia.</strong></span> 
     </span>
     <span class='ocr_line' id='line_1_23' title="bbox 275 2166 1045 2235; baseline 0 -16"><span class='ocrx_word' id='word_1_119' title='bbox 275 2167 419 2233; x_wconf 90' lang='lat' dir='ltr'><strong>Rumpitur</strong></span> <span class='ocrx_word' id='word_1_120' title='bbox 426 2168 540 2231; x_wconf 88' lang='lat' dir='ltr'><strong>invidia,</strong></span> <span class='ocrx_word' id='word_1_121' title='bbox 552 2170 625 2235; x_wconf 92' lang='lat' dir='ltr'><strong>quod</strong></span> <span class='ocrx_word' id='word_1_122' title='bbox 635 2185 680 2220; x_wconf 86' lang='lat' dir='ltr'><strong>rus</strong></span> <span class='ocrx_word' id='word_1_123' title='bbox 692 2166 759 2219; x_wconf 91' lang='lat' dir='ltr'><strong>mihi</strong></span> <span class='ocrx_word' id='word_1_124' title='bbox 769 2168 847 2219; x_wconf 89' lang='lat' dir='ltr'><strong>dulce</strong></span> <span class='ocrx_word' id='word_1_125' title='bbox 857 2167 907 2219; x_wconf 91' lang='lat' dir='ltr'><strong>sub</strong></span> <span class='ocrx_word' id='word_1_126' title='bbox 917 2168 983 2219; x_wconf 86' lang='lat' dir='ltr'><strong>urhe</strong></span> <span class='ocrx_word' id='word_1_127' title='bbox 995 2172 1045 2230; x_wconf 78' lang='lat' dir='ltr'><strong>esi,</strong></span> 
     </span>
     <span class='ocr_line' id='line_1_24' title="bbox 313 2242 948 2311; baseline -0.002 -19"><span class='ocrx_word' id='word_1_128' title='bbox 313 2257 451 2311; x_wconf 85' lang='lat' dir='ltr'><strong>parvaque</strong></span> <span class='ocrx_word' id='word_1_129' title='bbox 460 2244 489 2293; x_wconf 92' lang='lat' dir='ltr'><strong>in</strong></span> <span class='ocrx_word' id='word_1_130' title='bbox 498 2244 564 2294; x_wconf 89' lang='lat' dir='ltr'><strong>urbe</strong></span> <span class='ocrx_word' id='word_1_131' title='bbox 575 2244 680 2306; x_wconf 91' lang='lat' dir='ltr'><strong>domus,</strong></span> <span class='ocrx_word' id='word_1_132' title='bbox 692 2245 826 2310; x_wconf 91' lang='lat' dir='ltr'><strong>rumpitur</strong></span> <span class='ocrx_word' id='word_1_133' title='bbox 834 2242 948 2293; x_wconf 84' lang='lat' dir='ltr'><strong>invidia.</strong></span> 
     </span>
     <span class='ocr_line' id='line_1_25' title="bbox 276 2316 960 2384; baseline -0.004 -14"><span class='ocrx_word' id='word_1_134' title='bbox 276 2316 421 2384; x_wconf 88' lang='lat' dir='ltr'><strong>Rumpitur</strong></span> <span class='ocrx_word' id='word_1_135' title='bbox 430 2317 544 2380; x_wconf 85' lang='lat' dir='ltr'><strong>invidia,</strong></span> <span class='ocrx_word' id='word_1_136' title='bbox 557 2319 700 2384; x_wconf 89' lang='lat' dir='ltr'><strong>quodsum</strong></span> <span class='ocrx_word' id='word_1_137' title='bbox 711 2318 844 2369; x_wconf 87' lang='lat' dir='ltr'><strong>iucundus</strong></span> <span class='ocrx_word' id='word_1_138' title='bbox 856 2318 960 2379; x_wconf 87' lang='lat' dir='ltr'><strong>amicis,</strong></span> 
     </span>
     <span class='ocr_line' id='line_1_26' title="bbox 314 2391 926 2461; baseline -0.003 -18"><span class='ocrx_word' id='word_1_139' title='bbox 314 2392 389 2461; x_wconf 90' lang='lat' dir='ltr'><strong>quod</strong></span> <span class='ocrx_word' id='word_1_140' title='bbox 400 2391 515 2442; x_wconf 86' lang='lat' dir='ltr'><strong>conviva</strong></span> <span class='ocrx_word' id='word_1_141' title='bbox 524 2391 660 2459; x_wconf 84' lang='lat' dir='ltr'><strong>frequens,</strong></span> <span class='ocrx_word' id='word_1_142' title='bbox 670 2394 804 2458; x_wconf 90' lang='lat' dir='ltr'><strong>rumpitur</strong></span> <span class='ocrx_word' id='word_1_143' title='bbox 813 2392 926 2442; x_wconf 85' lang='lat' dir='ltr'><strong>invidia.</strong></span> 
     </span>
     <span class='ocr_line' id='line_1_27' title="bbox 276 2464 1071 2534; baseline -0.003 -17"><span class='ocrx_word' id='word_1_144' title='bbox 276 2464 420 2533; x_wconf 91' lang='lat' dir='ltr'><strong>Rumpitur</strong></span> <span class='ocrx_word' id='word_1_145' title='bbox 429 2466 542 2531; x_wconf 82' lang='lat' dir='ltr'><strong>invidia,</strong></span> <span class='ocrx_word' id='word_1_146' title='bbox 554 2468 627 2534; x_wconf 91' lang='lat' dir='ltr'><strong>quod</strong></span> <span class='ocrx_word' id='word_1_147' title='bbox 638 2482 768 2529; x_wconf 84' lang='lat' dir='ltr'><strong>amamur,</strong></span> <span class='ocrx_word' id='word_1_148' title='bbox 779 2467 905 2534; x_wconf 89' lang='lat' dir='ltr'><strong>quodque</strong></span> <span class='ocrx_word' id='word_1_149' title='bbox 916 2467 1071 2532; x_wconf 87' lang='lat' dir='ltr'><strong>probamur.</strong></span> 
     </span>
     <span class='ocr_line' id='line_1_28' title="bbox 312 2541 881 2619; baseline -0.007 -25"><span class='ocrx_word' id='word_1_150' title='bbox 312 2541 473 2609; x_wconf 86' lang='lat' dir='ltr'><strong>Rumpatur,</strong></span> <span class='ocrx_word' id='word_1_151' title='bbox 484 2543 608 2610; x_wconf 88' lang='lat' dir='ltr'><strong>quisquis</strong></span> <span class='ocrx_word' id='word_1_152' title='bbox 618 2543 752 2619; x_wconf 85' lang='lat' dir='ltr'><strong>rumpitur</strong></span> <span class='ocrx_word' id='word_1_153' title='bbox 766 2542 881 2592; x_wconf 90' lang='lat' dir='ltr'><strong>invidia.</strong></span> 
     </span>
    </p>
   </div>
   <div class='ocr_carea' id='block_1_7' title="bbox 524 2646 818 2697">
    <p class='ocr_par' dir='ltr' id='par_1_10' title="bbox 524 2646 818 2697">
     <span class='ocr_line' id='line_1_29' title="bbox 524 2646 818 2697; baseline -0.01 -6"><span class='ocrx_word' id='word_1_154' title='bbox 524 2651 557 2691; x_wconf 75' lang='lat' dir='ltr'><strong>tt.</strong></span> <span class='ocrx_word' id='word_1_155' title='bbox 583 2648 622 2690; x_wconf 80' lang='lat' dir='ltr'><strong>Ao</strong></span> <span class='ocrx_word' id='word_1_156' title='bbox 643 2649 669 2697; x_wconf 75' lang='lat' dir='ltr'><strong>Q.</strong></span> <span class='ocrx_word' id='word_1_157' title='bbox 690 2646 818 2689; x_wconf 76' lang='lat' dir='ltr'><strong>Ovidium</strong></span> 
     </span>
    </p>
   </div>
   <div class='ocr_carea' id='block_1_8' title="bbox 360 2721 1010 2964">
    <p class='ocr_par' dir='ltr' id='par_1_11' title="bbox 360 2721 1010 2964">
     <span class='ocr_line' id='line_1_30' title="bbox 369 2721 921 2795; baseline 0.002 -18"><span class='ocrx_word' id='word_1_158' title='bbox 369 2721 575 2777; x_wconf 87' lang='lat' dir='ltr'><strong>Vindemiarum</strong></span> <span class='ocrx_word' id='word_1_159' title='bbox 586 2739 641 2775; x_wconf 90' lang='lat' dir='ltr'><strong>non</strong></span> <span class='ocrx_word' id='word_1_160' title='bbox 652 2724 754 2794; x_wconf 86' lang='lat' dir='ltr'><strong>ubique</strong></span> <span class='ocrx_word' id='word_1_161' title='bbox 763 2730 921 2795; x_wconf 80' lang='lat' dir='ltr'><strong>prouentus</strong></span> 
     </span>
     <span class='ocr_line' id='line_1_31' title="bbox 370 2798 989 2875; baseline 0.003 -24"><span class='ocrx_word' id='word_1_162' title='bbox 370 2802 492 2863; x_wconf 79' lang='lat' dir='ltr'><strong>cessarit,</strong></span> <span class='ocrx_word' id='word_1_163' title='bbox 506 2798 601 2852; x_wconf 83' lang='lat' dir='ltr'><strong>Ovidi:</strong></span> <span class='ocrx_word' id='word_1_164' title='bbox 615 2802 718 2871; x_wconf 91' lang='lat' dir='ltr'><strong>pluvia</strong></span> <span class='ocrx_word' id='word_1_165' title='bbox 727 2804 841 2875; x_wconf 82' lang='lat' dir='ltr'><strong>proluit</strong></span> <span class='ocrx_word' id='word_1_166' title='bbox 851 2800 989 2875; x_wconf 74' lang='lat' dir='ltr'><strong>grandis·</strong></span> 
     </span>
     <span class='ocr_line' id='line_1_32' title="bbox 360 2873 1010 2964; baseline 0.011 -42"><span class='ocrx_word' id='word_1_167' title='bbox 360 2873 472 2924; x_wconf 77' lang='lat' dir='ltr'><strong>Gentnm</strong></span> <span class='ocrx_word' id='word_1_168' title='bbox 485 2874 612 2934; x_wconf 78' lang='lat' dir='ltr'><strong>Coranus</strong></span> <span class='ocrx_word' id='word_1_169' title='bbox 625 2881 792 2955; x_wconf 88' lang='lat' dir='ltr'><strong>amphoras</strong></span> <span class='ocrx_word' id='word_1_170' title='bbox 805 2874 1010 2964; x_wconf 74' lang='lat' dir='ltr'><strong>aqnaaieoit·</strong></span> 
     </span>
    </p>
   </div>
   <div class='ocr_carea' id='block_1_9' title="bbox 850 2980 916 3034">
    <p class='ocr_par' dir='ltr' id='par_1_12' title="bbox 850 2980 916 3034">
     <span class='ocr_line' id='line_1_33' title="bbox 850 2980 916 3034; baseline 0 -10"><span class='ocrx_word' id='word_1_171' title='bbox 850 2980 916 3034; x_wconf 64' lang='grc' dir='ltr'><strong>Μ</strong></span> 
     </span>
    </p>
   </div>
   <div class='ocr_carea' id='block_1_10' title="bbox 0 0 1383 3450">
    <p class='ocr_par' dir='ltr' id='par_1_13' title="bbox 0 0 1383 3450">
     <span class='ocr_line' id='line_1_34' title="bbox 0 0 1383 3450; baseline 0 0"><span class='ocrx_word' id='word_1_172' title='bbox 0 0 1383 3450; x_wconf 95' lang='lat' dir='ltr'><strong> </strong></span> 
     </span>
    </p>
   </div>
  </div>
 </body>
</html>
