2750 3450
356 351 402 401 174
635 348 856 397 arnauldus

352 476 410 529 Nos
420 481 515 526 tenues
524 474 553 525 in
562 479 679 540 auoque
690 489 795 536 sernum,
810 473 942 539 uncique
956 478 1066 541 parati:

389 552 452 602 inde
462 565 547 616 sopor
556 550 646 611 nobis,
661 555 689 599 et
699 550 789 614 plaeet
801 548 859 599 alta
867 549 961 614 qsa'es.

353 628 422 676 'l'am
432 626 505 675 mala
516 641 563 675 cnr
572 626 657 691 igitur
663 624 788 675 dederim
798 623 851 677 tibi
861 624 1001 689 carmina,
1013 626 1129 695 quaeris!

388 701 504 753 Alcinoo
515 700 617 753 nullan
629 714 712 765 poma
722 698 830 751 dedisse
839 697 942 764 putaui

535 807 539 815 ¹
631 791 666 831 1³.
690 786 864 831 inC'innam.

353 865 472 915 Primum
484 870 533 926 est,
543 869 574 914 ut
582 868 714 929 praestes,
730 865 753 913 si
765 863 831 928 quid
841 868 877 926 te,
891 863 995 927 Cinna,
1007 866 1120 934 rogaho:

389 939 458 990 illud
470 938 567 990 deinde
577 953 706 1005 sequens,
720 943 750 987 ut
760 939 824 1000 cito,
837 937 937 1001 Cinna,
948 955 1046 1008 neges.

353 1015 447 1081 Diligo
460 1018 655 1080 praestanten13
671 1028 726 1063 non
738 1012 794 1075 odi,
810 1001 908 1075 Cinna,
919 1022 1083 1081 negantem:
1154 1000 1160 1051 J

390 1090 438 1141 sed
449 1096 479 1140 tu
487 1105 537 1139 nee
547 1093 684 1154 praestas,
699 1103 749 1137 neo
760 1087 824 1149 cito,
836 1086 935 1151 Cinna,
945 1104 1046 1159 negas.
1154 1056 1160 1110 ¹

366 1200 401 1236 44.
418 1195 456 1235 De
472 1195 592 1246 imagine
609 1192 726 1235 Maximi
741 1191 887 1240 Caesarii,
900 1192 940 1234 ad
952 1194 984 1243 Q.
1003 1195 1124 1239 ovilis..

352 1272 490 1322 lllaximus
499 1270 547 1323 ille
553 1276 632 1331 -tuus,
647 1269 738 1330 Ovidi,
751 1268 902 1319 Caesonius
913 1265 961 1319 hie
972 1276 1026 1333 est,

390 1347 465 1396 cuius
477 1342 565 1396 adhue
574 1345 677 1396 vultum
688 1345 780 1395 uivida
788 1357 855 1393 uera
864 1348 948 1393 tenet.

352 1421 433 1470 Hunc
442 1419 515 1470 Nero
528 1419 679 1469 damnavit:
696 1418 747 1468 sed
758 1425 788 1468 tu
798 1418 930 1469 damnare
940 1417 1081 1483 Neronem

390 1511 471 1545 ausus
482 1510 520 1556 es,
530 1492 685 1560 etprofugi,
696 1509 751 1544 non
761 1503 817 1555 tua,
827 1490 886 1542 iata
894 1494 989 1558 sequi.

352 1572 479 1636 Aequora
493 1584 541 1634 per
551 1568 661 1634 Scyllae
670 1582 785 1634 magnus
796 1569 1009 1621 eomes-exsulis
1019 1571 1074 1633 isti,

390 1646 437 1711 qui
447 1644 530 1695 modo
541 1646 669 1694 nolueras
681 1643 801 1693 consulis
811 1643 851 1692 ire
862 1656 967 1692 eomes.

352 1719 382 1772 Si
392 1721 497 1771 victura
507 1720 574 1770 meis
585 1718 748 1770 mandantur
757 1718 868 1769 nomina
878 1713 997 1783 chartis,

389 1803 416 1846 et
429 1795 472 1845 fas
483 1801 524 1846 est
534 1795 619 1846 cineri
630 1808 824 1859 mesuperesse
832 1807 908 1844 meo:

353 1871 446 1921 audiet
455 1870 508 1921 hoc
518 1886 659 1936 praesens,
672 1876 839 1933 venturaque
848 1868 941 1931 turba,
950 1868 1053 1922 Fuisse

388 1946 431 1996 illi
441 1953 476 2009 te,
491 1944 610 1996 Senecae
617 1943 758 2011 quodduit
767 1943 815 1994 ille
824 1958 885 1994 suo.

639 2036 673 2073 45.
695 2032 737 2073 dle
757 2030 859 2072 saule-ns.

442 2110 565 2161 Facundi
577 2108 697 2160 Senecae
711 2114 808 2176 potens
819 2107 934 2171 amicus,

444 2201 507 2236 caro
519 2186 659 2251 proximus
671 2191 718 2235 aut
727 2184 803 2250 prior
812 2181 927 2246 Sereno,

442 2259 488 2311 hic
499 2266 540 2310 est
551 2260 687 2310 Maximus
698 2260 760 2322 ille,
774 2274 853 2324 quem
863 2256 1006 2326 frequenti

443 2335 509 2385 felix
520 2336 601 2386 litera
614 2335 716 2401 pagina
729 2334 839 2384 salutat.

442 2410 522 2461 Hunc
534 2419 566 2462 tn
582 2426 630 2476 per
640 2409 748 2460 Siculas
758 2413 868 2459 secutum
877 2407 980 2474 undas,

444 2501 459 2536 o
471 2487 562 2549 nullis,
574 2485 664 2548 Ovidi,
678 2483 793 2535 tacende
805 2483 916 2550 linguis,

443 2562 569 2626 sprevisti
579 2561 685 2612 domini
697 2559 810 2610 furentis
820 2559 886 2608 iras.

442 2634 558 2686 Miretur
568 2635 701 2701 Pyladem
715 2650 792 2685 suum
802 2638 933 2696 vetustas,

443 2708 533 2760 haesit
542 2712 588 2777 qui
599 2726 690 2761 comes
702 2709 791 2759 exsuli
805 2708 936 2775 parentis.

442 2784 511 2849 Quis
522 2786 688 2842 discrimina
698 2788 838 2851 eomparet
845 2783 981 2836 duorum!

433 2864 573 2922 Haesisti
583 2880 681 2922 eomes
697 2855 929 2915 eremannos.
