2750 3450
306 396 355 446 150
595 392 806 438 ulnurlllms

306 519 465 570 Obscoenos
476 522 620 583 postquam
632 516 724 582 coepit
733 530 828 566 curare
839 516 993 584 cinaedos,

343 598 491 659 argentum,
502 607 619 654 mensas,
630 590 744 657 praedia
754 590 831 641 sulus
843 592 923 641 eruit.

307 668 355 719 Vis
366 668 422 718 fieri
435 668 520 730 dives,
530 664 694 732 Bithynicei
714 665 840 716 conscius
851 670 925 717 esto.

343 742 389 793 Nil
399 741 459 805 tibi,
470 741 514 792 vel
522 742 672 803 minimum,
683 740 764 790 basia
773 754 842 805 pura
852 740 974 793 dabunt.
1070 762 1072 775 ·

561 850 595 887 51.
620 845 660 886 Au
681 845 843 899 Lupercum.

308 941 388 1003 Quod
400 940 554 991 ccnvivaris
564 939 623 989 sine
633 943 742 989 metam
753 951 845 1003 saepe,
856 936 999 1005 Luperce,

342 1016 443 1077 inveni,
453 1029 566 1066 noceam
579 1028 633 1080 qua
642 1013 749 1064 ratione
759 1010 820 1062 tibi.

308 1090 423 1153 irascar,
433 1090 499 1139 licet
508 1104 594 1154 usque
603 1103 694 1150 voces,
704 1088 861 1152 mittesque,
871 1102 1024 1157 rogesque.

346 1165 417 1226 Quid
428 1161 529 1214 facies!
548 1163 648 1228 inquis.
678 1160 881 1223 audianum!
900 1165 1026 1216 veniam.

408 1273 442 1311 52.
468 1267 652 1322 Epitaphium
670 1264 847 1318 Penteguthi
868 1269 1011 1311 tonsuris.

308 1364 371 1415 Hoc
380 1364 453 1414 iacet
461 1362 490 1412 iu
499 1360 605 1412 tumulo
615 1364 710 1426 raptus
724 1358 876 1426 puerilibus
887 1360 971 1412 annis

343 1434 539 1504 Pantagathus,
550 1435 654 1487 domini
665 1449 731 1485 cura
741 1433 876 1500 dolorque
887 1436 942 1498 sul,

306 1515 353 1565 vix
362 1517 490 1579 tangente
499 1525 586 1578 vagos
598 1508 671 1561 ferre
681 1524 806 1560 resecare
816 1509 938 1575 capillus

346 1589 451 1649 doctus,
462 1591 489 1637 et
498 1583 617 1636 hirsutas
628 1584 781 1635 excoluisse
791 1598 884 1651 genas.

307 1662 351 1715 Sis
361 1664 434 1726 licet,
444 1666 475 1712 ut
484 1660 575 1724 debes,
587 1659 690 1723 Tellus,
701 1659 812 1726 placata
824 1658 964 1727 levisque:

344 1739 457 1790 artificis
467 1737 555 1787 levior
565 1751 620 1787 non
629 1740 709 1802 putes
719 1749 778 1785 esse
792 1749 883 1785 manu.

557 1844 591 1883 5³.
617 1841 656 1882 De
675 1839 848 1890 Anaxagora.

307 1933 395 1985 Lotus
405 1936 547 1986 nobiscum
558 1939 608 1997 est,
618 1929 716 1984 hilaris
727 1932 867 1994 coenavit;
883 1938 912 1984 et
921 1934 996 1986 idem

343 2010 468 2060 inventus
478 2025 558 2060 mane
568 2015 610 2059 est
621 2014 745 2059 mortuus
755 2007 941 2074 Andragoras.

308 2085 376 2134 'l'am
388 2084 495 2135 subitae
505 2085 602 2135 mortis
613 2099 732 2146 causam,
743 2083 883 2145 Faustine,
897 2082 1034 2150 requiriri

344 2159 375 2209 ln
385 2159 489 2210 somnis
498 2158 632 2210 medicum
645 2157 753 2209 viderat
761 2156 984 2210 Hermocraten.

558 2268 592 2306 ii.
617 2264 657 2305 lle
676 2259 852 2305 Sextilius.

308 2346 421 2409 Tantos,
433 2351 459 2396 et
469 2351 560 2396 tantas
575 2346 600 2396 si
611 2345 701 2396 dicere
713 2343 903 2408 Sextilianum,

343 2420 419 2483 Aule,
430 2427 518 2482 vetes3
530 2422 624 2487 iunget
632 2422 680 2471 vix
691 2420 746 2470 tria
756 2419 838 2470 verba
847 2420 942 2471 miser.

309 2493 381 2554 Quid
392 2496 445 2546 sibi
455 2494 529 2546 vulti
548 2495 648 2561 inquis.
682 2494 791 2555 Dicam,
802 2493 868 2559 quid
879 2496 1008 2563 suspicer
1017 2507 1073 2548 estu

345 2575 436 2622 tantus
447 2576 474 2623 et
484 2575 575 2621 tantas
585 2569 754 2621 Sextilianus
765 2573 846 2618 amat.

563 2678 597 2717 ⁵5.
621 2673 653 2716 ln
673 2672 847 2716 coracinum.

412 2761 495 2825 Quod
506 2779 617 2834 semper
627 2761 768 2830 casiaque,
777 2760 967 2828 ciuuunicque,

401 2847 431 2893 et
440 2843 513 2898 nido
526 2844 611 2915 niger
623 2841 704 2895 alitis
715 2835 852 2908 superlrue

392 2918 519 2994 fragras
532 2911 896 2994 plumbesuusmum,
