2750 3450
436 387 751 458 Eplsusuutauuur
782 386 852 433 ΜΒ.
877 387 921 434 lli.
1045 387 1078 438 87

355 528 417 566 cnm
423 516 451 564 te
461 511 572 563 lucerua
580 509 725 563 balneator
734 511 869 562 exstincta

356 589 484 640 admittat
492 587 564 637 inter
572 585 729 637 bustuarias
738 584 881 649 moechas3

355 679 418 716 cum
427 663 523 714 bruma
533 676 651 712 mensem
662 663 699 713 sit
707 661 760 712 tibi
773 676 823 728 per
832 661 990 728 Augustum,

354 739 477 806 regelare
487 741 574 788 necte
584 738 742 802 pestilentia
751 736 853 802 possit:

354 813 459 883 gaudes
469 812 599 863 ducentas
610 813 751 878 nupturire
761 817 825 878 post
834 816 946 874 mortes,

354 891 496 954 virumque
506 887 616 938 demens
630 887 767 939 cineribus
777 888 832 936 tuis
843 887 952 952 quaeris

354 965 470 1032 prurire.
501 962 583 1025 Quid,
594 963 695 1013 sarrire
706 963 731 1012 si
740 962 807 1012 velit
817 960 930 1012 saxnmt

355 1040 419 1107 quis
429 1038 580 1106 coniugem,
592 1039 652 1104 quis
662 1043 690 1089 te
699 1037 812 1089 vocabit
820 1052 944 1100 uxorem,

354 1113 524 1166 Philomelus
536 1112 623 1164 aviam
636 1128 718 1180 quam
728 1118 876 1164 vocaverat
885 1110 988 1180 nuperi

357 1188 465 1251 Quodsi
475 1189 592 1240 cadaver
601 1189 690 1256 exigis
700 1193 775 1239 tuum
786 1188 886 1254 scalpi:

356 1269 494 1318 sternatur
503 1279 521 1315 a
530 1263 638 1315 Goricle
650 1264 750 1315 clinico
761 1264 857 1326 lectus,

356 1338 567 1392 Thalassionem
578 1341 624 1406 qui
633 1345 710 1390 tuum
723 1339 801 1390 decet
812 1338 897 1400 solus,

355 1421 486 1482 ustorque
495 1414 592 1474 taedas
602 1414 741 1482 praeferat
750 1430 838 1466 novae
849 1418 963 1478 nuptae:

355 1493 460 1543 intrare
470 1489 499 1540 iu
508 1490 592 1541 istum
603 1489 665 1541 sola
674 1488 722 1540 fax
732 1494 825 1556 potest
835 1504 959 1539 cimunm.

571 1598 605 1639 94.
628 1595 661 1637 Iu
680 1594 790 1637 Rufum.

276 1676 351 1729 Esse
363 1688 448 1742 negas
459 1677 565 1726 coctum
575 1672 707 1740 leporem,
718 1673 864 1740 poscisque
874 1669 997 1740 flagella:

318 1751 417 1814 mavis,
427 1748 506 1813 Rufe,
517 1764 634 1816 coquum
645 1750 779 1812 scindere,
791 1763 871 1815 qnam
881 1747 1012 1815 leporem.

542 1874 578 1915 95.
601 1872 633 1914 Iu
653 1869 817 1914 Naevolnm.

278 1949 429 2016 Nunquam
440 1948 510 2001 dicis
520 1965 579 2014 ave,
590 1949 638 2001 sed
648 1949 751 2012 reddis,
764 1946 896 2012 Naevole,
907 1963 1021 2015 semper,

319 2024 395 2092 quod
404 2025 482 2092 prior
492 2030 520 2075 et
529 2041 626 2077 corvus
637 2024 728 2077 dicere
738 2040 820 2091 saepe
831 2024 911 2076 solet.

279 2100 339 2158 Cur
349 2097 404 2151 hoc
413 2105 555 2167 exspectas
566 2115 583 2151 a
593 2099 653 2152 mei
671 2116 750 2168 rogo,
763 2099 895 2165 Naevole,
906 2099 998 2150 dicas=

319 2190 384 2226 uam
394 2180 470 2242 puto,
481 2190 532 2227 nec
541 2175 647 2239 melior,
658 2174 790 2240 Naevole‚
804 2192 854 2227 noc
863 2176 941 2243 prior
950 2191 989 2227 es.

278 2249 411 2303 Praemia
420 2250 534 2302 laudato
544 2252 643 2302 tribuit
652 2250 719 2303 mihi
731 2250 964 2318 Caesarumque,

319 2330 501 2393 natorumque
512 2326 588 2378 dedit
597 2327 659 2378 iura
669 2333 783 2394 paterna
792 2328 884 2378 trium.

278 2401 337 2452 Ore
347 2400 426 2469 legor
435 2401 531 2465 multo,
543 2406 691 2471 uotumque
701 2418 750 2469 per
760 2402 864 2469 oppida
873 2416 972 2453 nomeu

319 2492 377 2528 nou
388 2482 547 2544 exspectato
559 2477 608 2528 dat
617 2475 684 2528 mihi
693 2478 769 2528 fama
778 2492 857 2544 rogo.
904 2476 907 2481 '

277 2552 334 2604 Est
345 2552 411 2603 etin
420 2550 474 2605 hoc
485 2552 604 2619 aliquid:
620 2553 691 2604 vidit
700 2568 743 2603 me
752 2550 842 2603 Roma
851 2552 998 2615 tribunum,
1020 2594 1041 2614 X

319 2632 348 2678 et
358 2627 442 2679 sedeo
454 2644 508 2695 qua
518 2634 545 2679 te
555 2629 671 2679 suscitat
681 2628 815 2678 Oceanus.

280 2702 360 2765 Quot
369 2701 437 2754 mihi
448 2702 585 2755 Caesareo
595 2702 664 2755 sacti
674 2708 737 2754 sunt
747 2716 857 2753 munere
871 2702 954 2766 cives,

318 2793 371 2829 nec
379 2776 500 2829 famulos
510 2778 624 2831 totidem
636 2779 766 2850 suspicor
776 2795 839 2834 esse
847 2778 913 2832 tilii.

268 2849 509 2913 Sedpsedicms:
525 2854 576 2908 sed
585 2855 715 2927 pulchre,
727 2858 873 2932 Naeuple,
885 2872 989 2913 meses·=

290 2919 419 2974 1am1'am
429 2926 474 2976 sic
478 2931 567 2994 prior
577 2949 618 3004 es,
629 2934 661 2991 N
663 2941 790 3013 aevole3
806 2941 924 2998 uineis·
955 2936 1032 2990 Ν·
