2750 3450
481 333 796 381 Epicaaalmaaum
821 335 888 381 ma.
914 335 969 381 Xll.

589 456 624 496 bb.
648 452 679 495 ln
699 452 855 496 Lucullum,

401 528 502 582 Libras
515 533 640 596 quatuor,
651 536 699 581 aut
708 529 777 580 duas
787 527 886 593 amico,

403 603 591 671 algentemque
601 610 704 671 togam,
713 604 875 673 brevemque
884 604 1001 668 laenam,

401 678 536 730 interdum
548 679 676 730 aureolos
686 694 768 730 manu
778 685 928 745 crepantes,

401 754 509 820 possint
518 753 616 804 ducere
627 754 674 819 qui
687 754 755 804 duas
765 752 913 818 Kalendas,

402 828 475 894 quod
486 842 575 890 nemo,
585 827 639 877 nisi
647 833 686 890 tu,
698 826 823 890 Labulle,
834 828 929 892 donas,

400 916 456 952 nan
466 917 505 964 es,
515 901 594 953 erede
603 900 679 965 mihi,
689 902 786 953 bouus.
812 902 884 964 Quid
895 903 976 972 ergo!

400 975 438 1026 Ut
447 991 537 1027 rerum
548 976 655 1042 loquar,
666 978 786 1042 optimus
794 977 938 1029 malcrum.

401 1049 525 1114 Pisones,
535 1049 716 1118 Senecasque,
725 1051 933 1119 Memmiosque,

402 1124 551 1192 eterianus
561 1123 729 1189 mibiredde,
744 1126 792 1177 sed
802 1127 921 1194 priorem

401 1198 450 1252 fles
459 1200 585 1266 protinus
595 1199 707 1251 ultimus
718 1201 861 1253 bonorum.

400 1272 449 1326 Vis
460 1290 541 1326 cursu
549 1274 718 1342 pedibusque
727 1276 860 1342 gloriffl

401 1348 507 1417 Tigrim
516 1349 603 1412 vinee,
612 1349 753 1418 levemque
764 1350 946 1404 Passerinum.

400 1422 485 1475 Nulla
494 1428 535 1474 est
542 1424 642 1492 gloria,
650 1426 800 1491 praeterire
814 1427 923 1478 asellus.

601 1531 636 1572 di.
657 1528 690 1571 Ιι
708 1535 844 1572 nasutum.

435 1603 556 1657 Nasutus
566 1605 678 1655 nimium
689 1606 766 1672 cupis
776 1606 872 1656 videri„

374 1694 377 1698 ·
434 1678 568 1732 Nasutum
578 1679 652 1743 volu,
662 1679 729 1731 uolo
738 1681 911 1747 polyposnm..

582 1771 617 1810 38.
642 1768 681 1809 Ad
701 1767 861 1811 Candidum.

326 1846 408 1897 Hune
418 1845 464 1912 qui
474 1844 600 1897 femineis
610 1851 759 1914 noctesque
769 1845 881 1912 diesque
892 1845 1029 1898 cathedris

362 1920 466 1971 incedit
474 1924 536 1971 tuta
545 1925 627 1972 nebus
637 1922 666 1972 in
675 1921 743 1972 urbe
752 1921 844 1983 nimia

327 1995 401 2047 edne
410 1995 509 2057 nitens,
518 1996 596 2069 niger
605 2001 753 2063 unguente,
762 1995 917 2061 perlucidus
929 2004 1015 2057 astro,

364 2084 411 2121 ore
420 2076 505 2132 tener,
515 2069 587 2121 latus
596 2076 717 2137 pectore,
727 2086 804 2122 crure
816 2071 919 2137 glaber,

325 2145 408 2196 uxori
418 2144 465 2211 qni
474 2158 556 2211 saepe
566 2149 630 2197 tuae
641 2161 733 2197 comes
742 2146 883 2211 improbus
892 2144 999 2198 haeret:

363 2233 418 2269 nun
429 2224 470 2270 est
480 2219 554 2285 quud
563 2220 672 2284 timeas,
683 2220 819 2271 Candide:
833 2236 888 2271 nnn
901 2220 992 2271 futuit.

591 2309 625 2349 39.
648 2307 680 2350 Ιιι
690 2306 851 2373 ΙΒιιδιιίἰιιι.

419 2382 472 2434 Odi
481 2386 520 2447 te,
529 2384 594 2451 quia
604 2384 692 2436 bellus
702 2400 740 2447 es,
751 2383 869 2436 Sabelle.

417 2456 471 2509 Res
481 2463 522 2509 est
531 2459 628 2525 putida
637 2459 734 2521 bellus,
747 2464 775 2510 et
784 2456 923 2519 Sabellus3

416 2532 516 2583 bellum
528 2533 644 2600 denique
654 2531 737 2595 malo,
753 2548 833 2599 quam
844 2531 991 2583 Sabellum.

417 2607 556 2659 Tabescas
565 2609 679 2671 utinam,
690 2606 808 2671 Sabelle,
819 2606 902 2659 belle!

565 2700 600 2738 4⁰.
624 2695 656 2738 ln
674 2693 878 2739 Publilianum.

343 2769 467 2821 lentim?
485 2771 582 2825 credo:
594 2774 700 2829 recitas
710 2773 790 2829 mala
799 2770 948 2828 emnium
961 2771 1081 2823 laudm

351 2843 465 2895 mutas?
482 2855 581 2905 cantu:
598 2852 690 2924 bibis,
699 2850 891 2912 condiisses
906 2847 1000 2903 bibu-
