2750 3450
310 356 359 408 ΒΜ
598 358 812 407 maenianis

383 478 446 534 Hoc
455 482 549 534 vendit
559 497 675 550 quoqne,
685 498 736 533 nee
745 481 799 532 levi
808 483 923 549 rapina:

384 563 431 607 aut
439 556 538 608 libram
549 558 617 624 petit
626 557 677 608 llla
686 556 837 619 Cosmiani,

384 636 431 682 aut
440 629 520 682 binos
531 637 627 699 quater
636 646 653 681 a
662 647 736 683 nora
743 636 864 694 moneta,

383 721 417 756 uo
427 706 482 756 aiut
490 706 569 757 baala
578 713 661 769 muta,
674 721 725 758 nee
733 705 866 772 maligna,

383 795 432 830 nec
445 780 527 832 clusio
540 780 642 832 aditum
652 786 733 848 neget
741 779 860 831 labellis.

385 854 509 905 llmnane
519 854 587 906 iacit
596 853 649 906 hoo
657 860 762 906 tamen:
776 854 824 905 aed
834 870 919 907 unum
929 862 988 921 eat,

383 931 469 996 gratis
481 944 550 995 quae
560 930 625 981 dare
634 929 742 981 basium
751 935 869 993 mearat,

382 1004 468 1070 gratis
478 1003 580 1071 lingere
590 1019 641 1055 neo
649 1009 759 1056 recusat
767 1003 859 1072 Aegle.

548 1119 582 1160 56·
607 1115 638 1159 In
657 1115 858 1170 Polymnum.

308 1200 442 1267 aegrotae
452 1216 506 1251 rrno
518 1200 608 1252 denies
618 1208 666 1252 aut
676 1202 785 1267 saepius
796 1215 882 1263 anno;

346 1290 396 1326 uec
406 1274 467 1337 tlbl,
479 1276 525 1326 red
536 1273 687 1338 nobishoc,
699 1274 872 1342 Polycarme,
882 1283 975 1329 nooet.

308 1346 377 1400 Nom
389 1349 497 1416 quoties
507 1351 604 1417 iurgia,
615 1350 719 1401 soteria
729 1350 820 1415 porcia
831 1351 947 1403 anticos.

346 1422 389 1473 alt
398 1423 499 1489 pudor:
515 1428 628 1492 aegrota
637 1424 702 1488 lam,
713 1423 884 1491 Polycarme,
895 1427 991 1479 semel.

576 1530 611 1573 ll.
634 1527 676 1570 Ad
694 1527 834 1584 Spartan.

363 1604 417 1655 Cur
427 1619 508 1672 saepe
517 1604 584 1656 nicei
594 1620 679 1672 parva
688 1621 754 1656 rura
761 1603 901 1668 Nomenti,

362 1680 500 1747 laremque
513 1680 595 1732 villae
604 1681 747 1732 sordidum
756 1684 856 1747 petam,
869 1681 996 1747 qnaerial

361 1753 419 1805 Neo
430 1756 578 1823 cogitandi,
589 1754 698 1821 Sparte,
708 1770 759 1806 neo
769 1756 926 1822 quiescendi

362 1831 390 1880 in
401 1830 466 1881 urbo
476 1830 555 1882 locus
565 1837 606 1881 est
616 1830 740 1897 pauperi.
763 1828 872 1897 Negant
883 1831 968 1881 vitam

362 1904 545 1972 ludimagistri
555 1920 642 1967 olane,
652 1910 733 1956 nocte
744 1905 870 1971 pistores,

363 1979 531 2029 aerariorum
542 1979 712 2030 marculidie
721 1984 792 2030 toto.

362 2051 435 2103 Hinc
446 2052 552 2104 otiosus
562 2054 703 2106 sordidam
714 2056 803 2120 quatit
812 2068 932 2104 mennam

309 2158 314 2171 ·
361 2126 520 2178 Neroniana
530 2129 725 2179 nummularia·
735 2143 840 2180 massar

362 2201 439 2253 illine
449 2202 558 2267 paludis
570 2202 716 2254 malleator
727 2202 868 2269 Hispanae

362 2277 454 2327 tritum
466 2277 563 2327 nitenti
572 2277 643 2330 iuste
651 2277 778 2329 verberat
787 2292 891 2329 saxum.

362 2349 419 2402 Neo
429 2350 508 2402 turha
519 2359 608 2404 censat
622 2350 750 2404 entheata
758 2351 900 2414 Bellonae,

362 2441 412 2477 nec
421 2424 539 2477 fasciato
550 2425 699 2495 naufragos
709 2427 813 2494 loquax
821 2432 928 2487 trunco,
999 2441 1002 2450 ·

363 2515 381 2550 a
390 2507 474 2552 matre
487 2502 583 2553 doctus
594 2515 644 2553 uec
653 2515 751 2570 rogare
762 2502 887 2564 ludaeos,

363 2590 413 2626 neo
423 2575 573 2628 sulimatae
583 2578 673 2644 lippus
683 2578 795 2629 institor
803 2576 910 2627 mercis.

362 2648 511 2701 Numerare
522 2652 594 2720 pigri
603 2652 703 2703 (lamna
713 2653 760 2719 qni
770 2654 862 2719 potest
871 2650 969 2713 somni,

364 2723 437 2774 dicet
447 2731 514 2790 quot
524 2741 589 2777 aera
598 2727 740 2778 verberent
748 2741 844 2777 manue
853 2724 938 2786 orbiu,

365 2812 424 2848 cum
435 2804 510 2850 aecta
520 2799 623 2852 Colcho
635 2800 714 2852 Luna
722 2801 835 2868 vapulat
847 2797 972 2850 rhombo.

364 2870 415 2938 Tu,
428 2870 536 2942 Sparte,
546 2875 635 2928 neaoia
644 2876 708 2941 ista,
719 2891 769 2928 nec
778 2881 857 2944 poteo
866 2872 945 2935 seire,
