2750 3450
476 314 518 385 su'
543 339 714 385 Perseum
738 340 865 386 susus.
1019 338 1068 389 385

327 468 468 529 totamque
478 460 549 513 hauc
559 463 618 513 sine
627 461 732 525 fraude,
747 467 954 530 quantacunque
964 468 1014 526 est,

226 586 234 601 ,
326 543 463 589 tormento
476 535 633 604 citharaque
646 538 802 598 tensiorem,

328 613 363 663 ad
374 618 480 664 costam
489 612 542 663 tibi
551 614 694 679 septimam
704 612 860 662 recondam.

583 719 603 759 6.
628 716 758 771 Priapus.

273 809 340 860 Cum
352 809 460 875 loquor,
470 826 526 861 una
534 809 601 861 mihi
611 816 740 877 peccatur
750 810 843 860 litera:
859 823 922 859 nam
935 810 975 861 Te

309 884 427 951 paedico
438 901 556 952 semper:
572 885 721 952 blaesaque
731 884 825 951 lingua
835 899 895 934 mea
905 890 954 937 est.

583 992 602 1031 l.
626 989 758 1043 Priapus.

364 1065 510 1117 Matronae
520 1067 615 1133 procul
626 1064 691 1117 hine
701 1066 774 1116 abite
785 1070 891 1116 castae:

364 1146 443 1206 turpe
454 1147 503 1204 est,
514 1156 563 1192 vos
574 1140 664 1207 legere
674 1141 815 1207 impudica
824 1140 915 1192 verba.

365 1213 428 1266 Non
439 1217 510 1266 assis
520 1215 633 1278 faciunt,
644 1224 762 1282 euntque
771 1219 859 1277 recta3

364 1291 491 1341 nimirum
502 1291 620 1357 sapiunt,
631 1291 777 1357 videntque
787 1305 914 1357 nragnam

365 1371 507 1416 matronae
519 1381 626 1433 qnoque
636 1366 784 1416 mentulam
794 1365 919 1416 libenter.

581 1473 601 1513 8.
625 1471 759 1525 Priapus.

274 1546 329 1597 Cur
340 1545 478 1597 obseoena
487 1544 554 1597 mihi
564 1562 628 1613 pars
638 1548 675 1598 sit
684 1548 744 1598 sine
753 1552 835 1610 veste,
846 1547 979 1613 requirisi

313 1620 433 1682 Quaero,
443 1626 520 1688 tegat
528 1622 620 1673 nullus
632 1636 680 1672 cru
689 1637 740 1672 sua
750 1623 829 1688 signa
839 1622 914 1673 deus.

271 1695 387 1748 Fulmen
397 1694 481 1747 habet
491 1697 584 1748 mundi
596 1697 736 1759 dominus3
746 1700 821 1747 tenet
830 1696 899 1748 illud
910 1705 1014 1764 aperte:

311 1788 362 1822 nee
373 1772 454 1823 datur
464 1787 601 1839 aequoreo
611 1771 720 1823 fuscina
729 1777 803 1823 tecta
813 1772 874 1826 deo.

270 1846 332 1899 Nec
341 1846 455 1897 Mavors
465 1848 552 1910 illum,
562 1863 611 1913 per
622 1862 702 1914 quem
712 1847 794 1909 valet,
808 1846 911 1899 occulit
920 1863 1023 1899 ensem:

312 1937 364 1973 nec
373 1922 441 1972 latet
449 1922 479 1972 in
487 1923 582 1989 tepido
593 1921 717 1973 Palladis
728 1921 808 1973 hasta
817 1923 888 1973 sinn.

270 1996 345 2049 Num
357 1997 441 2064 pudet
451 2004 561 2048 auratas
572 1996 712 2049 Phoebum
724 2003 834 2063 portare
848 1996 980 2064 sagittas?

313 2071 418 2123 clamve
428 2073 500 2123 solet
514 2070 669 2139 pharetram
680 2072 751 2124 ferre
761 2072 853 2122 Diana
867 2071 961 2123 suami

269 2146 345 2201 Num
355 2148 425 2214 tegit
433 2146 542 2198 Alcides
553 2148 677 2199 nodosae
686 2148 789 2200 robora
800 2146 911 2198 clavael

312 2221 368 2274 Sub
378 2222 473 2272 tunica
482 2222 587 2289 virgam
596 2239 660 2274 num
672 2224 738 2274 deus
749 2223 806 2274 ales
817 2220 915 2273 habeti

272 2298 345 2360 Quis
355 2294 493 2348 Bacchum
504 2298 601 2364 gracili
614 2306 716 2350 vestem
726 2298 904 2364 praetendere
914 2295 1019 2363 thyrso,

312 2372 375 2439 quis
383 2378 411 2423 te
423 2373 512 2423 celata
523 2388 582 2423 cum
593 2372 654 2424 iace
663 2373 742 2435 vidit,
753 2370 852 2423 Amori

268 2447 333 2502 Nec
343 2445 411 2497 mihi
422 2449 458 2499 sit
468 2437 658 2514 crimer'i,quod
671 2447 792 2498 mentula
801 2461 907 2512 semper
914 2454 1010 2512 aperta
1017 2451 1070 2497 ests

311 2521 366 2573 hoc
374 2519 443 2572 mihi
452 2524 476 2572 si
486 2523 569 2573 telum
581 2523 660 2586 desit,
670 2523 783 2573 inermis
795 2537 852 2573 ero.

585 2632 606 2670 9.
628 2627 761 2683 Priapus·

367 2703 553 2755 Insulsissima
564 2705 629 2770 quid
643 2703 834 2770 puellaridest

368 2777 431 2829 Non
440 2795 483 2829 me
494 2779 645 2832 Praxiteles
657 2778 798 2849 Scopasue
805 2778 895 2833 iecitz

361 2868 413 2903 nee
421 2869 480 2905 snm
490 2854 629 2910 Phidiaca
639 2873 728 2912 manu
737 2859 868 2930 politus,

322 2943 433 2990 Maur.
847 2949 900 3001 pb
