<?xml version="1.0" encoding="UTF-8"?>
<!DOCTYPE html PUBLIC "-//W3C//DTD XHTML 1.0 Transitional//EN"
    "http://www.w3.org/TR/xhtml1/DTD/xhtml1-transitional.dtd">
<html xmlns="http://www.w3.org/1999/xhtml" xml:lang="en" lang="en">
 <head>
  <title>
</title>
<meta http-equiv="Content-Type" content="text/html;charset=utf-8" />
  <meta name='ocr-system' content='tesseract 3.04.00' />
  <meta name='ocr-capabilities' content='ocr_page ocr_carea ocr_par ocr_line ocrx_word'/>
</head>
<body>
  <div class='ocr_page' id='page_1' title='image "./mvaleriimartial03martgoog_0110.png"; bbox 0 0 2750 3450; ppageno 0'>
   <div class='ocr_carea' id='block_1_1' title="bbox 452 445 1084 496">
    <p class='ocr_par' dir='ltr' id='par_1_1' title="bbox 452 445 1084 496">
     <span class='ocr_line' id='line_1_1' title="bbox 452 445 1084 496; baseline 0.006 -4"><span class='ocrx_word' id='word_1_1' title='bbox 452 445 769 494; x_wconf 75' lang='lat' dir='ltr'><strong>Eetcasulutsuunt</strong></span> <span class='ocrx_word' id='word_1_2' title='bbox 799 448 867 494; x_wconf 79' lang='grc' dir='ltr'><strong>ΗΒ.</strong></span> <span class='ocrx_word' id='word_1_3' title='bbox 893 447 936 493; x_wconf 84' lang='grc' dir='ltr'><strong>Ν.</strong></span> <span class='ocrx_word' id='word_1_4' title='bbox 1037 448 1084 496; x_wconf 81' lang='lat'><strong>1⁰1</strong></span> 
     </span>
    </p>
   </div>
   <div class='ocr_carea' id='block_1_2' title="bbox 291 568 974 710">
    <p class='ocr_par' dir='ltr' id='par_1_2' title="bbox 291 568 974 710">
     <span class='ocr_line' id='line_1_2' title="bbox 291 568 974 634; baseline -0.001 -14"><span class='ocrx_word' id='word_1_5' title='bbox 291 570 402 620; x_wconf 82' lang='lat' dir='ltr'><strong>Cuncta</strong></span> <span class='ocrx_word' id='word_1_6' title='bbox 410 568 502 621; x_wconf 86' lang='lat' dir='ltr'><strong>iacent</strong></span> <span class='ocrx_word' id='word_1_7' title='bbox 510 568 634 634; x_wconf 84' lang='lat' dir='ltr'><strong>flammis,</strong></span> <span class='ocrx_word' id='word_1_8' title='bbox 650 576 677 621; x_wconf 89' lang='lat' dir='ltr'><strong>et</strong></span> <span class='ocrx_word' id='word_1_9' title='bbox 685 571 759 621; x_wconf 88' lang='lat' dir='ltr'><strong>tristi</strong></span> <span class='ocrx_word' id='word_1_10' title='bbox 768 585 857 621; x_wconf 89' lang='lat' dir='ltr'><strong>mersa</strong></span> <span class='ocrx_word' id='word_1_11' title='bbox 866 569 974 621; x_wconf 84' lang='lat' dir='ltr'><strong>favilla:</strong></span> 
     </span>
     <span class='ocr_line' id='line_1_3' title="bbox 333 642 854 710; baseline -0.002 -15"><span class='ocrx_word' id='word_1_12' title='bbox 333 658 385 695; x_wconf 88' lang='lat' dir='ltr'><strong>nec</strong></span> <span class='ocrx_word' id='word_1_13' title='bbox 394 642 491 710; x_wconf 87' lang='lat' dir='ltr'><strong>Superi</strong></span> <span class='ocrx_word' id='word_1_14' title='bbox 501 644 601 695; x_wconf 87' lang='lat' dir='ltr'><strong>vellent</strong></span> <span class='ocrx_word' id='word_1_15' title='bbox 609 642 663 695; x_wconf 90' lang='lat' dir='ltr'><strong>hoc</strong></span> <span class='ocrx_word' id='word_1_16' title='bbox 671 644 782 695; x_wconf 77' lang='lat' dir='ltr'>licuisse</span> <span class='ocrx_word' id='word_1_17' title='bbox 792 644 854 696; x_wconf 89' lang='lat' dir='ltr'><strong>sibi.</strong></span> 
     </span>
    </p>
   </div>
   <div class='ocr_carea' id='block_1_3' title="bbox 312 770 1043 829">
    <p class='ocr_par' dir='ltr' id='par_1_3' title="bbox 312 770 1043 829">
     <span class='ocr_line' id='line_1_4' title="bbox 312 770 1043 829; baseline 0.001 -15"><span class='ocrx_word' id='word_1_18' title='bbox 312 792 316 798; x_wconf 85' lang='lat'><strong>·</strong></span> <span class='ocrx_word' id='word_1_19' title='bbox 336 775 372 814; x_wconf 75' lang='lat'><strong>45.</strong></span> <span class='ocrx_word' id='word_1_20' title='bbox 397 770 495 813; x_wconf 81' lang='lat' dir='ltr'><strong>Votum</strong></span> <span class='ocrx_word' id='word_1_21' title='bbox 509 771 661 816; x_wconf 75' lang='lat' dir='ltr'>Parthenii</span> <span class='ocrx_word' id='word_1_22' title='bbox 681 773 715 815; x_wconf 81' lang='lat' dir='ltr'><strong>ad</strong></span> <span class='ocrx_word' id='word_1_23' title='bbox 729 773 869 817; x_wconf 80' lang='lat' dir='ltr'><strong>Phoebum</strong></span> <span class='ocrx_word' id='word_1_24' title='bbox 886 789 934 829; x_wconf 87' lang='lat' dir='ltr'><strong>pro</strong></span> <span class='ocrx_word' id='word_1_25' title='bbox 949 775 1043 817; x_wconf 86' lang='lat' dir='ltr'><strong>Burro.</strong></span> 
     </span>
    </p>
   </div>
   <div class='ocr_carea' id='block_1_4' title="bbox 294 865 1026 1454">
    <p class='ocr_par' dir='ltr' id='par_1_4' title="bbox 294 865 935 1003">
     <span class='ocr_line' id='line_1_5' title="bbox 294 865 935 932; baseline 0.003 -16"><span class='ocrx_word' id='word_1_26' title='bbox 294 865 376 917; x_wconf 82' lang='lat' dir='ltr'><strong>llaec</strong></span> <span class='ocrx_word' id='word_1_27' title='bbox 384 865 437 916; x_wconf 87' lang='lat' dir='ltr'><strong>tibi</strong></span> <span class='ocrx_word' id='word_1_28' title='bbox 446 880 496 932; x_wconf 92' lang='lat' dir='ltr'><strong>pro</strong></span> <span class='ocrx_word' id='word_1_29' title='bbox 507 871 572 916; x_wconf 90' lang='lat' dir='ltr'><strong>nato</strong></span> <span class='ocrx_word' id='word_1_30' title='bbox 584 866 665 932; x_wconf 90' lang='lat' dir='ltr'><strong>plena</strong></span> <span class='ocrx_word' id='word_1_31' title='bbox 677 867 726 918; x_wconf 88' lang='lat' dir='ltr'><strong>dat</strong></span> <span class='ocrx_word' id='word_1_32' title='bbox 734 867 822 917; x_wconf 77' lang='lat' dir='ltr'><strong>laetias</strong></span> <span class='ocrx_word' id='word_1_33' title='bbox 832 882 935 931; x_wconf 84' lang='lat' dir='ltr'><strong>acerra,</strong></span> 
     </span>
     <span class='ocr_line' id='line_1_6' title="bbox 333 937 909 1003; baseline 0.005 -14"><span class='ocrx_word' id='word_1_34' title='bbox 333 937 453 1002; x_wconf 81' lang='lat' dir='ltr'><strong>Phoebe,</strong></span> <span class='ocrx_word' id='word_1_35' title='bbox 463 938 606 991; x_wconf 84' lang='lat' dir='ltr'><strong>Palatinus</strong></span> <span class='ocrx_word' id='word_1_36' title='bbox 616 956 729 992; x_wconf 89' lang='lat' dir='ltr'><strong>munera</strong></span> <span class='ocrx_word' id='word_1_37' title='bbox 738 939 909 1003; x_wconf 83' lang='lat' dir='ltr'><strong>Parthenius,</strong></span> 
     </span>
    </p>

    <p class='ocr_par' dir='ltr' id='par_1_5' title="bbox 294 1014 971 1155">
     <span class='ocr_line' id='line_1_7' title="bbox 294 1014 971 1082; baseline 0 -17"><span class='ocrx_word' id='word_1_38' title='bbox 294 1025 335 1077; x_wconf 80' lang='lat' dir='ltr'><strong>ut,</strong></span> <span class='ocrx_word' id='word_1_39' title='bbox 347 1015 394 1080; x_wconf 90' lang='lat' dir='ltr'><strong>qui</strong></span> <span class='ocrx_word' id='word_1_40' title='bbox 404 1014 491 1081; x_wconf 88' lang='lat' dir='ltr'><strong>prima</strong></span> <span class='ocrx_word' id='word_1_41' title='bbox 500 1028 573 1066; x_wconf 88' lang='lat' dir='ltr'><strong>novo</strong></span> <span class='ocrx_word' id='word_1_42' title='bbox 583 1016 674 1082; x_wconf 80' lang='lat' dir='ltr'><strong>signat</strong></span> <span class='ocrx_word' id='word_1_43' title='bbox 684 1016 866 1082; x_wconf 85' lang='lat' dir='ltr'><strong>quinquennia</strong></span> <span class='ocrx_word' id='word_1_44' title='bbox 875 1016 971 1078; x_wconf 85' lang='lat' dir='ltr'><strong>lustro,</strong></span> 
     </span>
     <span class='ocr_line' id='line_1_8' title="bbox 331 1087 921 1155; baseline 0.003 -18"><span class='ocrx_word' id='word_1_45' title='bbox 331 1087 447 1153; x_wconf 85' lang='lat' dir='ltr'><strong>impleat</strong></span> <span class='ocrx_word' id='word_1_46' title='bbox 453 1088 608 1140; x_wconf 86' lang='lat' dir='ltr'><strong>innumeras</strong></span> <span class='ocrx_word' id='word_1_47' title='bbox 617 1088 720 1140; x_wconf 89' lang='lat' dir='ltr'><strong>Burrus</strong></span> <span class='ocrx_word' id='word_1_48' title='bbox 734 1088 921 1155; x_wconf 77' lang='lat' dir='ltr'>Olympiadas.</span> 
     </span>
    </p>

    <p class='ocr_par' dir='ltr' id='par_1_6' title="bbox 296 1161 968 1305">
     <span class='ocr_line' id='line_1_9' title="bbox 296 1161 968 1230; baseline 0.006 -19"><span class='ocrx_word' id='word_1_49' title='bbox 296 1161 354 1213; x_wconf 85' lang='lat' dir='ltr'><strong>Fac</strong></span> <span class='ocrx_word' id='word_1_50' title='bbox 363 1167 425 1212; x_wconf 87' lang='lat' dir='ltr'><strong>rata</strong></span> <span class='ocrx_word' id='word_1_51' title='bbox 433 1168 499 1213; x_wconf 87' lang='lat' dir='ltr'><strong>vota</strong></span> <span class='ocrx_word' id='word_1_52' title='bbox 508 1164 607 1228; x_wconf 84' lang='lat' dir='ltr'><strong>patris:</strong></span> <span class='ocrx_word' id='word_1_53' title='bbox 622 1165 663 1215; x_wconf 92' lang='lat' dir='ltr'><strong>sie</strong></span> <span class='ocrx_word' id='word_1_54' title='bbox 672 1170 699 1214; x_wconf 89' lang='lat' dir='ltr'><strong>te</strong></span> <span class='ocrx_word' id='word_1_55' title='bbox 709 1171 756 1214; x_wconf 87' lang='lat' dir='ltr'><strong>tua</strong></span> <span class='ocrx_word' id='word_1_56' title='bbox 766 1165 865 1230; x_wconf 84' lang='lat' dir='ltr'><strong>diligat</strong></span> <span class='ocrx_word' id='word_1_57' title='bbox 877 1164 968 1227; x_wconf 88' lang='lat' dir='ltr'><strong>arbor,</strong></span> 
     </span>
     <span class='ocr_line' id='line_1_10' title="bbox 333 1236 836 1305; baseline 0.002 -19"><span class='ocrx_word' id='word_1_58' title='bbox 333 1236 453 1302; x_wconf 80' lang='lat' dir='ltr'><strong>gandeat</strong></span> <span class='ocrx_word' id='word_1_59' title='bbox 462 1241 489 1287; x_wconf 89' lang='lat' dir='ltr'><strong>et</strong></span> <span class='ocrx_word' id='word_1_60' title='bbox 499 1244 573 1288; x_wconf 89' lang='lat' dir='ltr'><strong>certa</strong></span> <span class='ocrx_word' id='word_1_61' title='bbox 582 1239 739 1305; x_wconf 78' lang='lat' dir='ltr'><strong>virginitate</strong></span> <span class='ocrx_word' id='word_1_62' title='bbox 749 1254 836 1290; x_wconf 89' lang='lat' dir='ltr'><strong>soror.</strong></span> 
     </span>
    </p>

    <p class='ocr_par' dir='ltr' id='par_1_7' title="bbox 295 1309 1026 1454">
     <span class='ocr_line' id='line_1_11' title="bbox 295 1309 974 1379; baseline 0.003 -18"><span class='ocrx_word' id='word_1_63' title='bbox 295 1309 431 1376; x_wconf 89' lang='lat' dir='ltr'><strong>Perpetuo</strong></span> <span class='ocrx_word' id='word_1_64' title='bbox 442 1311 483 1362; x_wconf 86' lang='lat' dir='ltr'><strong>sic</strong></span> <span class='ocrx_word' id='word_1_65' title='bbox 492 1310 558 1363; x_wconf 86' lang='lat' dir='ltr'><strong>llore</strong></span> <span class='ocrx_word' id='word_1_66' title='bbox 568 1313 664 1363; x_wconf 85' lang='lat' dir='ltr'><strong>mices:</strong></span> <span class='ocrx_word' id='word_1_67' title='bbox 678 1314 720 1364; x_wconf 88' lang='lat' dir='ltr'><strong>sic</strong></span> <span class='ocrx_word' id='word_1_68' title='bbox 730 1313 845 1379; x_wconf 87' lang='lat' dir='ltr'><strong>denique</strong></span> <span class='ocrx_word' id='word_1_69' title='bbox 855 1327 909 1364; x_wconf 90' lang='lat' dir='ltr'><strong>non</strong></span> <span class='ocrx_word' id='word_1_70' title='bbox 919 1313 974 1363; x_wconf 91' lang='lat' dir='ltr'><strong>sint</strong></span> 
     </span>
     <span class='ocr_line' id='line_1_12' title="bbox 333 1385 1026 1454; baseline 0.004 -19"><span class='ocrx_word' id='word_1_71' title='bbox 333 1389 390 1435; x_wconf 84' lang='lat' dir='ltr'><strong>tam</strong></span> <span class='ocrx_word' id='word_1_72' title='bbox 400 1385 498 1452; x_wconf 83' lang='lat' dir='ltr'><strong>longae</strong></span> <span class='ocrx_word' id='word_1_73' title='bbox 507 1385 631 1449; x_wconf 87' lang='lat' dir='ltr'><strong>Bromio,</strong></span> <span class='ocrx_word' id='word_1_74' title='bbox 642 1402 723 1454; x_wconf 91' lang='lat' dir='ltr'><strong>quam</strong></span> <span class='ocrx_word' id='word_1_75' title='bbox 732 1388 784 1439; x_wconf 87' lang='lat' dir='ltr'><strong>tibi</strong></span> <span class='ocrx_word' id='word_1_76' title='bbox 792 1385 911 1450; x_wconf 88' lang='lat' dir='ltr'><strong>Phoebe,</strong></span> <span class='ocrx_word' id='word_1_77' title='bbox 922 1402 1026 1438; x_wconf 88' lang='lat' dir='ltr'><strong>comae.</strong></span> 
     </span>
    </p>
   </div>
   <div class='ocr_carea' id='block_1_5' title="bbox 567 1494 812 1560">
    <p class='ocr_par' dir='ltr' id='par_1_8' title="bbox 567 1494 812 1560">
     <span class='ocr_line' id='line_1_13' title="bbox 567 1494 812 1560; baseline -0.008 0"><span class='ocrx_word' id='word_1_78' title='bbox 567 1494 611 1560; x_wconf 66' lang='lat' dir='ltr'><strong>id.⁴</strong></span> <span class='ocrx_word' id='word_1_79' title='bbox 627 1517 668 1560; x_wconf 83' lang='lat' dir='ltr'><strong>De</strong></span> <span class='ocrx_word' id='word_1_80' title='bbox 687 1515 812 1560; x_wconf 79' lang='lat' dir='ltr'><strong>Sabello.</strong></span> 
     </span>
    </p>
   </div>
   <div class='ocr_carea' id='block_1_6' title="bbox 302 1607 968 2938">
    <p class='ocr_par' dir='ltr' id='par_1_9' title="bbox 302 1607 968 2938">
     <span class='ocr_line' id='line_1_14' title="bbox 390 1607 813 1662; baseline -0.005 -1"><span class='ocrx_word' id='word_1_81' title='bbox 390 1607 546 1662; x_wconf 78' lang='lat' dir='ltr'><strong>Saturnalia</strong></span> <span class='ocrx_word' id='word_1_82' title='bbox 555 1609 665 1662; x_wconf 86' lang='lat' dir='ltr'><strong>divitem</strong></span> <span class='ocrx_word' id='word_1_83' title='bbox 676 1608 813 1661; x_wconf 88' lang='lat' dir='ltr'><strong>Sabellum</strong></span> 
     </span>
     <span class='ocr_line' id='line_1_15' title="bbox 388 1682 881 1737; baseline -0.004 0"><span class='ocrx_word' id='word_1_84' title='bbox 388 1684 517 1737; x_wconf 80' lang='lat' dir='ltr'><strong>fecerunt.</strong></span> <span class='ocrx_word' id='word_1_85' title='bbox 537 1683 637 1737; x_wconf 87' lang='lat' dir='ltr'><strong>Merita</strong></span> <span class='ocrx_word' id='word_1_86' title='bbox 647 1690 733 1736; x_wconf 87' lang='lat' dir='ltr'><strong>tumet</strong></span> <span class='ocrx_word' id='word_1_87' title='bbox 742 1682 881 1736; x_wconf 78' lang='lat' dir='ltr'><strong>Sabellus:</strong></span> 
     </span>
     <span class='ocr_line' id='line_1_16' title="bbox 386 1759 968 1827; baseline -0.002 -16"><span class='ocrx_word' id='word_1_88' title='bbox 386 1765 755 1827; x_wconf 82' lang='lat' dir='ltr'><strong>necqueuquatnputatessa</strong></span> <span class='ocrx_word' id='word_1_89' title='bbox 776 1759 968 1825; x_wconf 83' lang='lat' dir='ltr'><strong>praedicatque</strong></span> 
     </span>
     <span class='ocr_line' id='line_1_17' title="bbox 386 1833 794 1886; baseline -0.005 -1"><span class='ocrx_word' id='word_1_90' title='bbox 386 1834 459 1885; x_wconf 87' lang='lat' dir='ltr'><strong>inter</strong></span> <span class='ocrx_word' id='word_1_91' title='bbox 469 1835 622 1886; x_wconf 79' lang='lat' dir='ltr'><strong>causidicos</strong></span> <span class='ocrx_word' id='word_1_92' title='bbox 635 1833 794 1884; x_wconf 84' lang='lat' dir='ltr'><strong>beatiorem.</strong></span> 
     </span>
     <span class='ocr_line' id='line_1_18' title="bbox 388 1906 894 1974; baseline 0 -16"><span class='ocrx_word' id='word_1_93' title='bbox 388 1907 450 1959; x_wconf 79' lang='lat' dir='ltr'><strong>llos</strong></span> <span class='ocrx_word' id='word_1_94' title='bbox 459 1907 545 1960; x_wconf 82' lang='lat' dir='ltr'><strong>fastus</strong></span> <span class='ocrx_word' id='word_1_95' title='bbox 557 1908 716 1974; x_wconf 89' lang='lat' dir='ltr'><strong>animosque</strong></span> <span class='ocrx_word' id='word_1_96' title='bbox 726 1908 774 1959; x_wconf 87' lang='lat' dir='ltr'><strong>dat</strong></span> <span class='ocrx_word' id='word_1_97' title='bbox 783 1906 894 1958; x_wconf 86' lang='lat' dir='ltr'><strong>Sabello</strong></span> 
     </span>
     <span class='ocr_line' id='line_1_19' title="bbox 388 1981 890 2049; baseline -0.004 -15"><span class='ocrx_word' id='word_1_98' title='bbox 388 1981 470 2035; x_wconf 74' lang='lat' dir='ltr'><strong>farris</strong></span> <span class='ocrx_word' id='word_1_99' title='bbox 480 1984 626 2045; x_wconf 79' lang='lat' dir='ltr'><strong>semodius,</strong></span> <span class='ocrx_word' id='word_1_100' title='bbox 636 1981 769 2049; x_wconf 82' lang='lat' dir='ltr'><strong>fabaeque</strong></span> <span class='ocrx_word' id='word_1_101' title='bbox 779 1981 890 2045; x_wconf 85' lang='lat' dir='ltr'><strong>iressae,</strong></span> 
     </span>
     <span class='ocr_line' id='line_1_20' title="bbox 302 2057 869 2124; baseline -0.005 -15"><span class='ocrx_word' id='word_1_102' title='bbox 302 2111 309 2123; x_wconf 60' lang='grc'><em>,</em></span> <span class='ocrx_word' id='word_1_103' title='bbox 388 2062 416 2109; x_wconf 87' lang='lat' dir='ltr'><strong>et</strong></span> <span class='ocrx_word' id='word_1_104' title='bbox 424 2058 501 2120; x_wconf 80' lang='lat' dir='ltr'><strong>turis,</strong></span> <span class='ocrx_word' id='word_1_105' title='bbox 511 2057 666 2124; x_wconf 79' lang='lat' dir='ltr'><strong>piperisque</strong></span> <span class='ocrx_word' id='word_1_106' title='bbox 675 2064 731 2107; x_wconf 89' lang='lat' dir='ltr'><strong>tres</strong></span> <span class='ocrx_word' id='word_1_107' title='bbox 744 2057 869 2120; x_wconf 85' lang='lat' dir='ltr'><strong>selibrae,</strong></span> 
     </span>
     <span class='ocr_line' id='line_1_21' title="bbox 388 2129 866 2195; baseline 0.002 -13"><span class='ocrx_word' id='word_1_108' title='bbox 388 2137 417 2182; x_wconf 88' lang='lat' dir='ltr'><strong>et</strong></span> <span class='ocrx_word' id='word_1_109' title='bbox 426 2129 565 2182; x_wconf 87' lang='lat' dir='ltr'><strong>Lucanica</strong></span> <span class='ocrx_word' id='word_1_110' title='bbox 573 2139 665 2183; x_wconf 86' lang='lat' dir='ltr'><strong>ventre</strong></span> <span class='ocrx_word' id='word_1_111' title='bbox 676 2147 736 2182; x_wconf 88' lang='lat' dir='ltr'><strong>cum</strong></span> <span class='ocrx_word' id='word_1_112' title='bbox 745 2131 866 2195; x_wconf 83' lang='lat' dir='ltr'><strong>Falisco,</strong></span> 
     </span>
     <span class='ocr_line' id='line_1_22' title="bbox 389 2204 802 2273; baseline -0.005 -15"><span class='ocrx_word' id='word_1_113' title='bbox 389 2212 417 2258; x_wconf 91' lang='lat' dir='ltr'><strong>et</strong></span> <span class='ocrx_word' id='word_1_114' title='bbox 424 2206 495 2273; x_wconf 77' lang='lat' dir='ltr'><strong>nigri</strong></span> <span class='ocrx_word' id='word_1_115' title='bbox 506 2204 576 2273; x_wconf 84' lang='lat' dir='ltr'><strong>Syra</strong></span> <span class='ocrx_word' id='word_1_116' title='bbox 586 2205 685 2257; x_wconf 79' lang='lat' dir='ltr'><strong>defruti</strong></span> <span class='ocrx_word' id='word_1_117' title='bbox 695 2206 802 2273; x_wconf 77' lang='lat' dir='ltr'><strong>lagena,</strong></span> 
     </span>
     <span class='ocr_line' id='line_1_23' title="bbox 385 2279 799 2347; baseline -0.007 -14"><span class='ocrx_word' id='word_1_118' title='bbox 385 2286 418 2333; x_wconf 79' lang='lat' dir='ltr'><strong>et</strong></span> <span class='ocrx_word' id='word_1_119' title='bbox 426 2280 494 2332; x_wconf 87' lang='lat' dir='ltr'><strong>licus</strong></span> <span class='ocrx_word' id='word_1_120' title='bbox 503 2279 610 2347; x_wconf 88' lang='lat' dir='ltr'><strong>Libyca</strong></span> <span class='ocrx_word' id='word_1_121' title='bbox 619 2282 711 2347; x_wconf 86' lang='lat' dir='ltr'><strong>gelata</strong></span> <span class='ocrx_word' id='word_1_122' title='bbox 719 2286 799 2342; x_wconf 89' lang='lat' dir='ltr'><strong>testa,</strong></span> 
     </span>
     <span class='ocr_line' id='line_1_24' title="bbox 389 2353 905 2422; baseline -0.01 -15"><span class='ocrx_word' id='word_1_123' title='bbox 389 2371 449 2407; x_wconf 86' lang='lat' dir='ltr'><strong>cum</strong></span> <span class='ocrx_word' id='word_1_124' title='bbox 459 2355 558 2418; x_wconf 86' lang='lat' dir='ltr'><strong>bulbis,</strong></span> <span class='ocrx_word' id='word_1_125' title='bbox 568 2353 750 2422; x_wconf 88' lang='lat' dir='ltr'><strong>cochleisque,</strong></span> <span class='ocrx_word' id='word_1_126' title='bbox 762 2368 905 2420; x_wconf 88' lang='lat' dir='ltr'><strong>caseoque.</strong></span> 
     </span>
     <span class='ocr_line' id='line_1_25' title="bbox 387 2428 824 2498; baseline -0.007 -17"><span class='ocrx_word' id='word_1_127' title='bbox 387 2428 489 2481; x_wconf 90' lang='lat' dir='ltr'><strong>Piceno</strong></span> <span class='ocrx_word' id='word_1_128' title='bbox 500 2445 607 2498; x_wconf 86' lang='lat' dir='ltr'><strong>quoque</strong></span> <span class='ocrx_word' id='word_1_129' title='bbox 616 2431 691 2482; x_wconf 85' lang='lat' dir='ltr'><strong>venit</strong></span> <span class='ocrx_word' id='word_1_130' title='bbox 701 2445 718 2480; x_wconf 90' lang='lat' dir='ltr'><strong>a</strong></span> <span class='ocrx_word' id='word_1_131' title='bbox 726 2429 824 2479; x_wconf 84' lang='lat' dir='ltr'><strong>cliente</strong></span> 
     </span>
     <span class='ocr_line' id='line_1_26' title="bbox 387 2501 870 2572; baseline -0.006 -17"><span class='ocrx_word' id='word_1_132' title='bbox 387 2518 488 2572; x_wconf 89' lang='lat' dir='ltr'><strong>parcae</strong></span> <span class='ocrx_word' id='word_1_133' title='bbox 498 2504 596 2555; x_wconf 82' lang='lat' dir='ltr'><strong>cistula</strong></span> <span class='ocrx_word' id='word_1_134' title='bbox 605 2521 658 2556; x_wconf 90' lang='lat' dir='ltr'><strong>nou</strong></span> <span class='ocrx_word' id='word_1_135' title='bbox 669 2518 758 2570; x_wconf 81' lang='lat' dir='ltr'><strong>capax</strong></span> <span class='ocrx_word' id='word_1_136' title='bbox 771 2501 870 2564; x_wconf 83' lang='lat' dir='ltr'><strong>olivae,</strong></span> 
     </span>
     <span class='ocr_line' id='line_1_27' title="bbox 389 2577 792 2646; baseline -0.007 -16"><span class='ocrx_word' id='word_1_137' title='bbox 389 2583 520 2630; x_wconf 61' lang='lat' dir='ltr'><strong>ammo</strong></span> <span class='ocrx_word' id='word_1_138' title='bbox 531 2579 606 2646; x_wconf 77' lang='lat' dir='ltr'><strong>figuli</strong></span> <span class='ocrx_word' id='word_1_139' title='bbox 617 2579 705 2644; x_wconf 88' lang='lat' dir='ltr'><strong>polita</strong></span> <span class='ocrx_word' id='word_1_140' title='bbox 715 2577 792 2629; x_wconf 89' lang='lat' dir='ltr'><strong>coelo</strong></span> 
     </span>
     <span class='ocr_line' id='line_1_28' title="bbox 389 2650 824 2720; baseline -0.011 -15"><span class='ocrx_word' id='word_1_141' title='bbox 389 2654 545 2720; x_wconf 80' lang='lat' dir='ltr'><strong>septenaria</strong></span> <span class='ocrx_word' id='word_1_142' title='bbox 554 2650 691 2719; x_wconf 86' lang='lat' dir='ltr'><strong>synthesis</strong></span> <span class='ocrx_word' id='word_1_143' title='bbox 701 2650 824 2719; x_wconf 78' lang='lat' dir='ltr'><strong>Sagunti,</strong></span> 
     </span>
     <span class='ocr_line' id='line_1_29' title="bbox 389 2725 875 2792; baseline -0.006 -14"><span class='ocrx_word' id='word_1_144' title='bbox 389 2725 531 2792; x_wconf 81' lang='lat' dir='ltr'><strong>Hispanae</strong></span> <span class='ocrx_word' id='word_1_145' title='bbox 540 2728 641 2778; x_wconf 86' lang='lat' dir='ltr'><strong>luteum</strong></span> <span class='ocrx_word' id='word_1_146' title='bbox 651 2732 729 2777; x_wconf 83' lang='lat' dir='ltr'><strong>rotae</strong></span> <span class='ocrx_word' id='word_1_147' title='bbox 739 2732 875 2789; x_wconf 74' lang='lat' dir='ltr'><strong>toreuma,</strong></span> 
     </span>
     <span class='ocr_line' id='line_1_30' title="bbox 389 2801 816 2873; baseline 0.014 -22"><span class='ocrx_word' id='word_1_148' title='bbox 389 2801 481 2852; x_wconf 82' lang='lat' dir='ltr'><strong>etlato</strong></span> <span class='ocrx_word' id='word_1_149' title='bbox 493 2803 598 2853; x_wconf 76' lang='lat' dir='ltr'><strong>uariata</strong></span> <span class='ocrx_word' id='word_1_150' title='bbox 607 2818 711 2873; x_wconf 85' lang='lat' dir='ltr'><strong>mappa</strong></span> <span class='ocrx_word' id='word_1_151' title='bbox 722 2802 816 2857; x_wconf 82' lang='lat' dir='ltr'><strong>clavo.</strong></span> 
     </span>
     <span class='ocr_line' id='line_1_31' title="bbox 374 2870 748 2938; baseline 0.048 -17"><span class='ocrx_word' id='word_1_152' title='bbox 374 2870 534 2926; x_wconf 78' lang='lat' dir='ltr'><strong>Saturnalia</strong></span> <span class='ocrx_word' id='word_1_153' title='bbox 543 2875 748 2938; x_wconf 75' lang='lat' dir='ltr'><strong>fructuosiora</strong></span> 
     </span>
    </p>
   </div>
   <div class='ocr_carea' id='block_1_7' title="bbox 361 2946 923 3019">
    <p class='ocr_par' dir='ltr' id='par_1_10' title="bbox 361 2946 923 3019">
     <span class='ocr_line' id='line_1_32' title="bbox 361 2946 923 3019; baseline 0.041 -26"><span class='ocrx_word' id='word_1_154' title='bbox 361 2946 511 3002; x_wconf 77' lang='lat' dir='ltr'><strong>aunisnou</strong></span> <span class='ocrx_word' id='word_1_155' title='bbox 519 2949 630 3010; x_wconf 79' lang='lat' dir='ltr'><strong>habuit</strong></span> <span class='ocrx_word' id='word_1_156' title='bbox 640 2960 750 3019; x_wconf 86' lang='lat' dir='ltr'><strong>decem</strong></span> <span class='ocrx_word' id='word_1_157' title='bbox 759 2960 923 3019; x_wconf 73' lang='lat' dir='ltr'><strong>sabellus.</strong></span> 
     </span>
    </p>
   </div>
   <div class='ocr_carea' id='block_1_8' title="bbox 0 0 1385 3450">
    <p class='ocr_par' dir='ltr' id='par_1_11' title="bbox 0 0 1385 3450">
     <span class='ocr_line' id='line_1_33' title="bbox 0 0 1385 3450; baseline 0 0"><span class='ocrx_word' id='word_1_158' title='bbox 0 0 1385 3450; x_wconf 95' lang='lat' dir='ltr'><strong> </strong></span> 
     </span>
    </p>
   </div>
  </div>
 </body>
</html>
