2750 3450
326 397 375 448 295
612 397 824 444 maurianis

533 520 567 558 53.
591 516 631 558 De
651 515 773 557 Claudia
792 517 904 558 Rufina.

325 610 442 660 Claudia
451 609 585 660 caeruleis
595 625 654 659 eum
664 611 702 659 sit
712 609 809 658 Rufina
817 608 957 660 Britannis

362 685 444 746 edita,
455 699 535 750 quam
546 684 645 734 Latiae
655 692 768 749 pectora
778 683 865 748 plebis
878 682 973 734 haba!

326 758 413 820 Quale
424 759 505 809 decus
515 756 633 809 formae!
652 757 804 809 Romanam
815 758 924 810 credere
933 764 1037 812 matres

362 833 475 884 italides
484 841 606 899 possunt,
615 831 740 884 Atthides
751 848 810 883 esse
820 848 906 883 snam.

323 908 361 959 Di
371 909 448 971 bene,
458 908 532 974 quod
543 914 638 958 saneto
648 908 755 974 peperit
763 906 899 958 foemmda
908 909 1019 970 marito,

361 982 435 1049 quod
446 989 538 1048 sperat
546 996 669 1049 generos,
681 981 808 1048 qnodque
818 983 910 1047 puella
918 999 1011 1034 nurus.

323 1056 372 1108 Sic
381 1058 490 1123 placeat
498 1058 613 1122 superis,
623 1063 654 1106 ut
664 1058 779 1122 coniuge
789 1057 908 1123 gaudeat
916 1074 981 1120 uno,

361 1138 389 1183 et
397 1147 503 1198 semper
511 1132 584 1182 natis
593 1131 713 1197 gaudeat
723 1131 773 1181 illa
781 1132 877 1182 mihim

604 1264 639 1304 54·
663 1260 695 1302 ln
714 1257 831 1302 Zoilum.

322 1355 474 1423 Unguenta,
485 1360 512 1405 et
522 1355 620 1418 casias,
630 1361 658 1404 et
668 1353 786 1405 olentem
795 1353 891 1405 funera
899 1352 1049 1420 myrrham,

359 1436 474 1495 turaque
484 1429 518 1480 dc
527 1429 619 1479 medio
628 1428 818 1480 semicremata
826 1443 906 1497 rogo,

321 1510 351 1555 et
360 1519 429 1570 quae
439 1503 473 1554 dc
484 1501 583 1570 Stygio
593 1503 712 1569 rapuisti
722 1503 847 1553 cinnama
856 1502 938 1564 lecto,

359 1578 484 1645 improbe
494 1578 528 1629 de
536 1578 619 1644 turpi,
629 1577 716 1640 Zoile,
725 1577 809 1628 redde
819 1579 888 1627 sinu.

321 1654 344 1703 A
354 1653 469 1719 pedibus
479 1653 598 1704 didicere
608 1667 704 1703 manus
714 1667 827 1719 peccare
837 1659 989 1718 protervae.

359 1726 385 1778 N
387 1744 422 1780 on
431 1729 518 1781 miror
527 1727 622 1792 iurem,
633 1728 681 1795 qui
690 1726 820 1795 fugitivus
830 1734 896 1779 erat

506 1853 541 1893 55.
565 1849 605 1892 Dc
623 1850 713 1900 Lupo,
732 1849 765 1890 sd
785 1848 924 1891 Urbicum.

322 1942 457 1993 Hortatur
467 1942 526 1993 fieri
536 1943 610 2009 quod
619 1948 647 1994 te
656 1941 760 2008 Lupus,
770 1941 878 2003 Urbicc,
889 1949 1005 2007 patrem,

360 2032 393 2067 ne
404 2018 507 2067 credas.
537 2013 613 2067 Nihil
623 2023 672 2080 est,
684 2017 757 2083 quod
768 2017 857 2067 minus
867 2016 913 2067 iile
924 2018 1000 2068 velit.

320 2092 371 2143 Ars
382 2097 423 2142 est
433 2092 569 2157 captandi,
580 2092 653 2157 quod
663 2092 736 2142 nolis
745 2091 815 2141 velle
824 2090 924 2141 videri:

357 2180 391 2215 ne
400 2164 487 2215 facias
499 2172 584 2231 optat,
595 2166 668 2232 quod
678 2172 759 2231 rogat
769 2171 798 2215 ut
807 2164 902 2216 facias.

321 2240 404 2289 Dicat
415 2246 605 2307 praegnantem
615 2247 663 2291 tua
674 2256 703 2291 se
714 2240 851 2291 Cosconia
859 2244 978 2292 tantum:

357 2314 488 2379 pallidior
497 2315 544 2365 fiet
552 2316 607 2364 iam
619 2319 740 2382 pariente
753 2313 855 2380 Lupus.

319 2390 355 2440 At
363 2396 393 2438 tu
404 2389 520 2439 consilio
530 2390 650 2440 videaris
659 2395 690 2440 ut
699 2406 764 2440 usus
774 2390 864 2449 amici,

358 2465 399 2514 sic
409 2479 522 2526 morere,
533 2470 563 2515 ut
572 2463 672 2515 factum
683 2470 711 2515 te
721 2469 798 2530 putet
808 2480 866 2515 esse
877 2470 991 2530 patrem.

548 2586 583 2627 56.
607 2584 637 2627 ln
657 2584 880 2628 Chaeremouem.

321 2675 401 2735 Quod
411 2641 523 2727 niniium
534 2677 640 2741 laudas,
651 2676 819 2730 Chaeremon
830 2677 930 2743 Stoice,
942 2689 1064 2747 mortem,

354 2750 396 2803 vis
407 2751 526 2804 animum
537 2754 619 2805 mirer
629 2754 829 2820 suspiciamque
840 2759 924 2804 mmm

303 2827 392 2883 Hanc
402 2830 456 2884 tibi
467 2832 601 2885 virtutem
610 2829 704 2885 tracta
710 2828 886 2880 iaciturccus
894 2842 976 2891 ausa,

336 2914 369 2962 et
379 2912 479 2967 tristis
492 2911 577 2967 nullo
589 2910 640 2982 qui
648 2911 730 2975 tepet
735 2905 803 2971 igne
810 2900 906 2959 iocus·
