<?xml version="1.0" encoding="UTF-8"?>
<!DOCTYPE html PUBLIC "-//W3C//DTD XHTML 1.0 Transitional//EN"
    "http://www.w3.org/TR/xhtml1/DTD/xhtml1-transitional.dtd">
<html xmlns="http://www.w3.org/1999/xhtml" xml:lang="en" lang="en">
 <head>
  <title>
</title>
<meta http-equiv="Content-Type" content="text/html;charset=utf-8" />
  <meta name='ocr-system' content='tesseract 3.04.00' />
  <meta name='ocr-capabilities' content='ocr_page ocr_carea ocr_par ocr_line ocrx_word'/>
</head>
<body>
  <div class='ocr_page' id='page_1' title='image "./mvaleriimartial03martgoog_0311.png"; bbox 0 0 2750 3450; ppageno 0'>
   <div class='ocr_carea' id='block_1_1' title="bbox 309 356 809 410">
    <p class='ocr_par' dir='ltr' id='par_1_1' title="bbox 309 356 809 410">
     <span class='ocr_line' id='line_1_1' title="bbox 309 356 809 410; baseline -0.01 0"><span class='ocrx_word' id='word_1_1' title='bbox 309 359 357 410; x_wconf 73' lang='lat'><strong>302</strong></span> <span class='ocrx_word' id='word_1_2' title='bbox 595 356 809 405; x_wconf 68' lang='lat' dir='ltr'><strong>nanninus</strong></span> 
     </span>
    </p>
   </div>
   <div class='ocr_carea' id='block_1_2' title="bbox 309 480 981 768">
    <p class='ocr_par' dir='ltr' id='par_1_2' title="bbox 309 480 976 618">
     <span class='ocr_line' id='line_1_2' title="bbox 309 480 930 548; baseline -0.003 -15"><span class='ocrx_word' id='word_1_3' title='bbox 309 499 363 534; x_wconf 88' lang='lat' dir='ltr'><strong>nou</strong></span> <span class='ocrx_word' id='word_1_4' title='bbox 374 482 512 533; x_wconf 86' lang='lat' dir='ltr'><strong>iracundis</strong></span> <span class='ocrx_word' id='word_1_5' title='bbox 522 480 588 533; x_wconf 84' lang='lat' dir='ltr'><strong>fecit</strong></span> <span class='ocrx_word' id='word_1_6' title='bbox 596 480 688 548; x_wconf 80' lang='lat' dir='ltr'><strong>gravis</strong></span> <span class='ocrx_word' id='word_1_7' title='bbox 699 481 834 547; x_wconf 83' lang='lat' dir='ltr'><strong>unguibus</strong></span> <span class='ocrx_word' id='word_1_8' title='bbox 844 494 930 532; x_wconf 82' lang='lat' dir='ltr'><strong>uxor:</strong></span> 
     </span>
     <span class='ocr_line' id='line_1_3' title="bbox 346 548 976 618; baseline -0.002 -11"><span class='ocrx_word' id='word_1_9' title='bbox 346 555 472 607; x_wconf 79' lang='lat' dir='ltr'><strong>Antiochi</strong></span> <span class='ocrx_word' id='word_1_10' title='bbox 484 555 583 607; x_wconf 81' lang='lat' dir='ltr'><strong>ferrum</strong></span> <span class='ocrx_word' id='word_1_11' title='bbox 594 561 644 618; x_wconf 85' lang='lat' dir='ltr'><strong>est,</strong></span> <span class='ocrx_word' id='word_1_12' title='bbox 655 561 683 606; x_wconf 83' lang='lat' dir='ltr'><strong>et</strong></span> <span class='ocrx_word' id='word_1_13' title='bbox 692 555 825 606; x_wconf 86' lang='lat' dir='ltr'><strong>scelerata</strong></span> <span class='ocrx_word' id='word_1_14' title='bbox 835 570 940 606; x_wconf 87' lang='lat' dir='ltr'><strong>manus.</strong></span> <span class='ocrx_word' id='word_1_15' title='bbox 968 548 976 565; x_wconf 82' lang='lat'><em>⁰</em></span> 
     </span>
    </p>

    <p class='ocr_par' dir='ltr' id='par_1_3' title="bbox 310 627 981 768">
     <span class='ocr_line' id='line_1_4' title="bbox 310 627 981 682; baseline -0.001 0"><span class='ocrx_word' id='word_1_16' title='bbox 310 632 383 682; x_wconf 85' lang='lat' dir='ltr'><strong>Unus</strong></span> <span class='ocrx_word' id='word_1_17' title='bbox 394 631 427 682; x_wconf 89' lang='lat' dir='ltr'><strong>de</strong></span> <span class='ocrx_word' id='word_1_18' title='bbox 439 632 541 681; x_wconf 77' lang='lat' dir='ltr'><strong>cunctis</strong></span> <span class='ocrx_word' id='word_1_19' title='bbox 553 630 716 681; x_wconf 84' lang='lat' dir='ltr'><strong>animalibus</strong></span> <span class='ocrx_word' id='word_1_20' title='bbox 725 629 816 680; x_wconf 77' lang='lat' dir='ltr'><strong>hircus</strong></span> <span class='ocrx_word' id='word_1_21' title='bbox 826 627 910 680; x_wconf 80' lang='lat' dir='ltr'><strong>hahet</strong></span> <span class='ocrx_word' id='word_1_22' title='bbox 920 645 981 681; x_wconf 75' lang='lat' dir='ltr'><strong>corr</strong></span> 
     </span>
     <span class='ocr_line' id='line_1_5' title="bbox 346 698 867 768; baseline -0.008 -11"><span class='ocrx_word' id='word_1_23' title='bbox 346 707 477 757; x_wconf 86' lang='lat' dir='ltr'><strong>barbatus</strong></span> <span class='ocrx_word' id='word_1_24' title='bbox 488 705 563 768; x_wconf 82' lang='lat' dir='ltr'><strong>vivit,</strong></span> <span class='ocrx_word' id='word_1_25' title='bbox 573 720 606 754; x_wconf 93' lang='lat' dir='ltr'><strong>ne</strong></span> <span class='ocrx_word' id='word_1_26' title='bbox 616 703 687 755; x_wconf 83' lang='lat' dir='ltr'><strong>ferat</strong></span> <span class='ocrx_word' id='word_1_27' title='bbox 696 698 867 755; x_wconf 71' lang='lat' dir='ltr'><strong>Aritiochum.</strong></span> 
     </span>
    </p>
   </div>
   <div class='ocr_carea' id='block_1_3' title="bbox 311 789 982 998">
    <p class='ocr_par' dir='ltr' id='par_1_4' title="bbox 311 789 982 998">
     <span class='ocr_line' id='line_1_6' title="bbox 311 789 982 923; baseline -0.006 -17"><span class='ocrx_word' id='word_1_28' title='bbox 311 856 405 906; x_wconf 87' lang='lat' dir='ltr'><strong>Sidere</strong></span> <span class='ocrx_word' id='word_1_29' title='bbox 416 868 544 923; x_wconf 83' lang='lat' dir='ltr'><strong>percussa</strong></span> <span class='ocrx_word' id='word_1_30' title='bbox 555 789 866 917; x_wconf 37' lang='lat' dir='ltr'><strong>estszfibrizozssiiffle,</strong></span> <span class='ocrx_word' id='word_1_31' title='bbox 876 853 982 921; x_wconf 82' lang='lat' dir='ltr'><strong>lingna,</strong></span> 
     </span>
     <span class='ocr_line' id='line_1_7' title="bbox 348 926 892 998; baseline -0.006 -18"><span class='ocrx_word' id='word_1_32' title='bbox 348 946 407 980; x_wconf 93' lang='lat' dir='ltr'><strong>cum</strong></span> <span class='ocrx_word' id='word_1_33' title='bbox 417 931 512 998; x_wconf 84' lang='lat' dir='ltr'><strong>lingis:</strong></span> <span class='ocrx_word' id='word_1_34' title='bbox 528 934 608 991; x_wconf 63' lang='lat' dir='ltr'><strong>certe,</strong></span> <span class='ocrx_word' id='word_1_35' title='bbox 619 928 705 991; x_wconf 76' lang='lat' dir='ltr'><strong>zoile,</strong></span> <span class='ocrx_word' id='word_1_36' title='bbox 715 943 786 978; x_wconf 92' lang='lat' dir='ltr'><strong>nunc</strong></span> <span class='ocrx_word' id='word_1_37' title='bbox 794 926 892 978; x_wconf 84' lang='lat' dir='ltr'><strong>futues.</strong></span> 
     </span>
    </p>
   </div>
   <div class='ocr_carea' id='block_1_4' title="bbox 523 1016 884 1069">
    <p class='ocr_par' dir='ltr' id='par_1_5' title="bbox 523 1016 884 1069">
     <span class='ocr_line' id='line_1_8' title="bbox 523 1016 884 1069; baseline -0.014 -10"><span class='ocrx_word' id='word_1_38' title='bbox 523 1020 558 1060; x_wconf 82' lang='grc'><strong>86.</strong></span> <span class='ocrx_word' id='word_1_39' title='bbox 580 1017 612 1059; x_wconf 89' lang='lat' dir='ltr'><strong>ln</strong></span> <span class='ocrx_word' id='word_1_40' title='bbox 631 1016 884 1069; x_wconf 71' lang='lat' dir='ltr'><strong>Parthenopaeum.</strong></span> 
     </span>
    </p>
   </div>
   <div class='ocr_carea' id='block_1_5' title="bbox 260 1091 1049 1530">
    <p class='ocr_par' dir='ltr' id='par_1_6' title="bbox 260 1091 972 1233">
     <span class='ocr_line' id='line_1_9' title="bbox 260 1091 972 1159; baseline 0 -16"><span class='ocrx_word' id='word_1_41' title='bbox 260 1137 263 1143; x_wconf 93' lang='lat'>.</span> <span class='ocrx_word' id='word_1_42' title='bbox 311 1091 411 1142; x_wconf 83' lang='lat' dir='ltr'><strong>Leniat</strong></span> <span class='ocrx_word' id='word_1_43' title='bbox 419 1098 449 1142; x_wconf 89' lang='lat' dir='ltr'><strong>ut</strong></span> <span class='ocrx_word' id='word_1_44' title='bbox 458 1091 551 1142; x_wconf 85' lang='lat' dir='ltr'><strong>lauces</strong></span> <span class='ocrx_word' id='word_1_45' title='bbox 560 1093 690 1155; x_wconf 83' lang='lat' dir='ltr'><strong>medicus,</strong></span> <span class='ocrx_word' id='word_1_46' title='bbox 701 1107 770 1159; x_wconf 83' lang='lat' dir='ltr'><strong>quas</strong></span> <span class='ocrx_word' id='word_1_47' title='bbox 781 1099 972 1157; x_wconf 74' lang='lat' dir='ltr'><strong>asperaverat</strong></span> 
     </span>
     <span class='ocr_line' id='line_1_10' title="bbox 348 1165 861 1233; baseline 0 -17"><span class='ocrx_word' id='word_1_48' title='bbox 348 1166 457 1216; x_wconf 75' lang='lat' dir='ltr'>assidue</span> <span class='ocrx_word' id='word_1_49' title='bbox 466 1167 558 1229; x_wconf 71' lang='lat' dir='ltr'><strong>tressis,</strong></span> <span class='ocrx_word' id='word_1_50' title='bbox 569 1165 784 1233; x_wconf 79' lang='lat' dir='ltr'><strong>Parthenopaeo,</strong></span> <span class='ocrx_word' id='word_1_51' title='bbox 794 1167 861 1217; x_wconf 83' lang='lat' dir='ltr'><strong>tibi:</strong></span> 
     </span>
    </p>

    <p class='ocr_par' dir='ltr' id='par_1_7' title="bbox 310 1240 1049 1380">
     <span class='ocr_line' id='line_1_11' title="bbox 310 1240 1049 1307; baseline 0.003 -16"><span class='ocrx_word' id='word_1_52' title='bbox 310 1241 392 1291; x_wconf 91' lang='lat' dir='ltr'><strong>mella</strong></span> <span class='ocrx_word' id='word_1_53' title='bbox 403 1240 462 1290; x_wconf 86' lang='lat' dir='ltr'><strong>dari</strong></span> <span class='ocrx_word' id='word_1_54' title='bbox 471 1241 635 1307; x_wconf 78' lang='lat' dir='ltr'><strong>nucleosque</strong></span> <span class='ocrx_word' id='word_1_55' title='bbox 644 1243 729 1304; x_wconf 88' lang='lat' dir='ltr'><strong>iubet,</strong></span> <span class='ocrx_word' id='word_1_56' title='bbox 740 1242 886 1307; x_wconf 80' lang='lat' dir='ltr'>dulcesque</span> <span class='ocrx_word' id='word_1_57' title='bbox 896 1241 1049 1306; x_wconf 75' lang='lat' dir='ltr'><strong>placentas,</strong></span> 
     </span>
     <span class='ocr_line' id='line_1_12' title="bbox 347 1315 944 1380; baseline 0.002 -16"><span class='ocrx_word' id='word_1_58' title='bbox 347 1320 375 1364; x_wconf 87' lang='lat' dir='ltr'><strong>et</strong></span> <span class='ocrx_word' id='word_1_59' title='bbox 385 1315 515 1380; x_wconf 87' lang='lat' dir='ltr'><strong>quidquid</strong></span> <span class='ocrx_word' id='word_1_60' title='bbox 525 1329 625 1380; x_wconf 79' lang='lat' dir='ltr'><strong>pueros</strong></span> <span class='ocrx_word' id='word_1_61' title='bbox 636 1331 691 1366; x_wconf 91' lang='lat' dir='ltr'><strong>non</strong></span> <span class='ocrx_word' id='word_1_62' title='bbox 701 1318 766 1366; x_wconf 86' lang='lat' dir='ltr'><strong>sinit</strong></span> <span class='ocrx_word' id='word_1_63' title='bbox 775 1331 835 1366; x_wconf 86' lang='lat' dir='ltr'><strong>esse</strong></span> <span class='ocrx_word' id='word_1_64' title='bbox 843 1321 944 1366; x_wconf 87' lang='lat' dir='ltr'><strong>truces.</strong></span> 
     </span>
    </p>

    <p class='ocr_par' dir='ltr' id='par_1_8' title="bbox 310 1389 1013 1530">
     <span class='ocr_line' id='line_1_13' title="bbox 310 1389 847 1440; baseline 0 -2"><span class='ocrx_word' id='word_1_65' title='bbox 310 1389 344 1438; x_wconf 77' lang='lat' dir='ltr'><strong>At</strong></span> <span class='ocrx_word' id='word_1_66' title='bbox 353 1395 383 1438; x_wconf 84' lang='lat' dir='ltr'><strong>tu</strong></span> <span class='ocrx_word' id='word_1_67' title='bbox 392 1404 447 1439; x_wconf 91' lang='lat' dir='ltr'><strong>non</strong></span> <span class='ocrx_word' id='word_1_68' title='bbox 457 1403 548 1439; x_wconf 82' lang='lat' dir='ltr'><strong>cessas</strong></span> <span class='ocrx_word' id='word_1_69' title='bbox 557 1390 624 1440; x_wconf 85' lang='lat' dir='ltr'><strong>totis</strong></span> <span class='ocrx_word' id='word_1_70' title='bbox 634 1392 733 1440; x_wconf 77' lang='lat' dir='ltr'><strong>tussire</strong></span> <span class='ocrx_word' id='word_1_71' title='bbox 743 1391 847 1440; x_wconf 84' lang='lat' dir='ltr'><strong>diebus.</strong></span> 
     </span>
     <span class='ocr_line' id='line_1_14' title="bbox 347 1461 1013 1530; baseline 0.005 -18"><span class='ocrx_word' id='word_1_72' title='bbox 347 1462 409 1513; x_wconf 88' lang='lat' dir='ltr'><strong>Non</strong></span> <span class='ocrx_word' id='word_1_73' title='bbox 420 1467 461 1512; x_wconf 88' lang='lat' dir='ltr'><strong>est</strong></span> <span class='ocrx_word' id='word_1_74' title='bbox 470 1461 538 1513; x_wconf 90' lang='lat' dir='ltr'><strong>haec</strong></span> <span class='ocrx_word' id='word_1_75' title='bbox 546 1464 638 1526; x_wconf 88' lang='lat' dir='ltr'><strong>tussis,</strong></span> <span class='ocrx_word' id='word_1_76' title='bbox 649 1463 866 1530; x_wconf 66' lang='lat' dir='ltr'><strong>Parthenopaeo:</strong></span> <span class='ocrx_word' id='word_1_77' title='bbox 881 1465 949 1530; x_wconf 82' lang='lat' dir='ltr'><strong>gula</strong></span> <span class='ocrx_word' id='word_1_78' title='bbox 962 1473 1013 1515; x_wconf 84' lang='lat' dir='ltr'><strong>est.</strong></span> 
     </span>
    </p>
   </div>
   <div class='ocr_carea' id='block_1_6' title="bbox 546 1550 864 1594">
    <p class='ocr_par' dir='ltr' id='par_1_9' title="bbox 546 1550 864 1594">
     <span class='ocr_line' id='line_1_15' title="bbox 546 1550 864 1594; baseline -0.003 -2"><span class='ocrx_word' id='word_1_79' title='bbox 546 1554 578 1592; x_wconf 77' lang='grc'><strong>87.</strong></span> <span class='ocrx_word' id='word_1_80' title='bbox 603 1550 644 1592; x_wconf 82' lang='lat' dir='ltr'><strong>Ad</strong></span> <span class='ocrx_word' id='word_1_81' title='bbox 664 1551 864 1594; x_wconf 77' lang='lat' dir='ltr'><strong>Charidemum.</strong></span> 
     </span>
    </p>
   </div>
   <div class='ocr_carea' id='block_1_7' title="bbox 265 1626 999 1915">
    <p class='ocr_par' dir='ltr' id='par_1_10' title="bbox 311 1626 988 1755">
     <span class='ocr_line' id='line_1_16' title="bbox 311 1626 988 1693; baseline 0 -15"><span class='ocrx_word' id='word_1_82' title='bbox 311 1626 394 1678; x_wconf 89' lang='lat' dir='ltr'><strong>Dives</strong></span> <span class='ocrx_word' id='word_1_83' title='bbox 404 1641 466 1677; x_wconf 85' lang='lat' dir='ltr'><strong>eran</strong></span> <span class='ocrx_word' id='word_1_84' title='bbox 476 1627 626 1693; x_wconf 83' lang='lat' dir='ltr'><strong>quondam:</strong></span> <span class='ocrx_word' id='word_1_85' title='bbox 641 1627 688 1678; x_wconf 84' lang='lat' dir='ltr'><strong>sed</strong></span> <span class='ocrx_word' id='word_1_86' title='bbox 699 1633 764 1678; x_wconf 87' lang='lat' dir='ltr'><strong>tunc</strong></span> <span class='ocrx_word' id='word_1_87' title='bbox 772 1627 888 1693; x_wconf 80' lang='lat' dir='ltr'><strong>paedico</strong></span> <span class='ocrx_word' id='word_1_88' title='bbox 898 1627 988 1690; x_wconf 67' lang='lat' dir='ltr'><strong>hasti,</strong></span> 
     </span>
     <span class='ocr_line' id='line_1_17' title="bbox 347 1700 834 1755; baseline 0.002 -4"><span class='ocrx_word' id='word_1_89' title='bbox 347 1707 375 1752; x_wconf 89' lang='lat' dir='ltr'><strong>et</strong></span> <span class='ocrx_word' id='word_1_90' title='bbox 383 1701 434 1752; x_wconf 84' lang='lat' dir='ltr'><strong>tibi</strong></span> <span class='ocrx_word' id='word_1_91' title='bbox 445 1701 520 1753; x_wconf 85' lang='lat' dir='ltr'><strong>nulla</strong></span> <span class='ocrx_word' id='word_1_92' title='bbox 530 1701 578 1753; x_wconf 89' lang='lat' dir='ltr'><strong>diu</strong></span> <span class='ocrx_word' id='word_1_93' title='bbox 585 1700 688 1753; x_wconf 84' lang='lat' dir='ltr'><strong>femina</strong></span> <span class='ocrx_word' id='word_1_94' title='bbox 697 1708 765 1755; x_wconf 82' lang='lat' dir='ltr'><strong>nota</strong></span> <span class='ocrx_word' id='word_1_95' title='bbox 773 1701 834 1753; x_wconf 81' lang='lat' dir='ltr'><strong>init.</strong></span> 
     </span>
    </p>

    <p class='ocr_par' dir='ltr' id='par_1_11' title="bbox 265 1775 999 1845">
     <span class='ocr_line' id='line_1_18' title="bbox 265 1775 999 1845; baseline 0 -19"><span class='ocrx_word' id='word_1_96' title='bbox 265 1815 275 1825; x_wconf 92' lang='lat'><strong><em>.</em></strong></span> <span class='ocrx_word' id='word_1_97' title='bbox 310 1775 388 1826; x_wconf 89' lang='lat' dir='ltr'><strong>Nunc</strong></span> <span class='ocrx_word' id='word_1_98' title='bbox 398 1778 510 1827; x_wconf 87' lang='lat' dir='ltr'><strong>sectaris</strong></span> <span class='ocrx_word' id='word_1_99' title='bbox 522 1791 596 1828; x_wconf 87' lang='lat' dir='ltr'><strong>auus.</strong></span> <span class='ocrx_word' id='word_1_100' title='bbox 617 1778 640 1827; x_wconf 90' lang='lat'>0</span> <span class='ocrx_word' id='word_1_101' title='bbox 652 1785 781 1844; x_wconf 87' lang='lat' dir='ltr'><strong>quantum</strong></span> <span class='ocrx_word' id='word_1_102' title='bbox 792 1778 866 1843; x_wconf 84' lang='lat' dir='ltr'>cogit</span> <span class='ocrx_word' id='word_1_103' title='bbox 876 1778 999 1845; x_wconf 85' lang='lat' dir='ltr'><strong>egestas!</strong></span> 
     </span>
    </p>

    <p class='ocr_par' dir='ltr' id='par_1_12' title="bbox 347 1850 868 1915">
     <span class='ocr_line' id='line_1_19' title="bbox 347 1850 868 1915; baseline 0.002 -15"><span class='ocrx_word' id='word_1_104' title='bbox 347 1851 399 1901; x_wconf 88' lang='lat' dir='ltr'><strong>llla</strong></span> <span class='ocrx_word' id='word_1_105' title='bbox 408 1851 554 1902; x_wconf 86' lang='lat' dir='ltr'><strong>fututorem</strong></span> <span class='ocrx_word' id='word_1_106' title='bbox 564 1858 601 1915; x_wconf 90' lang='lat' dir='ltr'><strong>te,</strong></span> <span class='ocrx_word' id='word_1_107' title='bbox 613 1850 783 1915; x_wconf 85' lang='lat' dir='ltr'><strong>Charidome‚</strong></span> <span class='ocrx_word' id='word_1_108' title='bbox 793 1852 868 1902; x_wconf 84' lang='lat' dir='ltr'><strong>lacit.</strong></span> 
     </span>
    </p>
   </div>
   <div class='ocr_carea' id='block_1_8' title="bbox 555 1940 850 1982">
    <p class='ocr_par' dir='ltr' id='par_1_13' title="bbox 555 1940 850 1982">
     <span class='ocr_line' id='line_1_20' title="bbox 555 1940 850 1982; baseline -0.003 -2"><span class='ocrx_word' id='word_1_109' title='bbox 555 1943 589 1980; x_wconf 84' lang='lat'><strong>88-</strong></span> <span class='ocrx_word' id='word_1_110' title='bbox 615 1940 652 1981; x_wconf 85' lang='lat' dir='ltr'><strong>De</strong></span> <span class='ocrx_word' id='word_1_111' title='bbox 673 1940 850 1982; x_wconf 74' lang='lat' dir='ltr'><strong>Charisiano.</strong></span> 
     </span>
    </p>
   </div>
   <div class='ocr_carea' id='block_1_9' title="bbox 288 2015 967 2291">
    <p class='ocr_par' dir='ltr' id='par_1_14' title="bbox 288 2015 887 2158">
     <span class='ocr_line' id='line_1_21' title="bbox 288 2015 887 2082; baseline 0 -16"><span class='ocrx_word' id='word_1_112' title='bbox 288 2017 290 2021; x_wconf 82' lang='grc'><strong>’</strong></span> <span class='ocrx_word' id='word_1_113' title='bbox 383 2015 479 2066; x_wconf 84' lang='lat' dir='ltr'><strong>Multis</strong></span> <span class='ocrx_word' id='word_1_114' title='bbox 489 2018 553 2079; x_wconf 89' lang='lat' dir='ltr'><strong>iam,</strong></span> <span class='ocrx_word' id='word_1_115' title='bbox 564 2015 650 2082; x_wconf 83' lang='lat' dir='ltr'><strong>Lupe,</strong></span> <span class='ocrx_word' id='word_1_116' title='bbox 660 2032 742 2082; x_wconf 84' lang='lat' dir='ltr'><strong>posse</strong></span> <span class='ocrx_word' id='word_1_117' title='bbox 752 2033 782 2067; x_wconf 89' lang='lat' dir='ltr'><strong>se</strong></span> <span class='ocrx_word' id='word_1_118' title='bbox 793 2016 887 2067; x_wconf 87' lang='lat' dir='ltr'><strong>diebus</strong></span> 
     </span>
     <span class='ocr_line' id='line_1_22' title="bbox 383 2089 814 2158; baseline 0.002 -18"><span class='ocrx_word' id='word_1_119' title='bbox 383 2092 528 2158; x_wconf 88' lang='lat' dir='ltr'><strong>paedicare</strong></span> <span class='ocrx_word' id='word_1_120' title='bbox 538 2097 619 2158; x_wconf 82' lang='lat' dir='ltr'><strong>negat</strong></span> <span class='ocrx_word' id='word_1_121' title='bbox 629 2089 814 2141; x_wconf 84' lang='lat' dir='ltr'><strong>Charisianus.</strong></span> 
     </span>
    </p>

    <p class='ocr_par' dir='ltr' id='par_1_15' title="bbox 384 2165 967 2291">
     <span class='ocr_line' id='line_1_23' title="bbox 385 2165 967 2231; baseline 0.003 -16"><span class='ocrx_word' id='word_1_122' title='bbox 385 2166 501 2216; x_wconf 86' lang='lat' dir='ltr'><strong>Causam</strong></span> <span class='ocrx_word' id='word_1_123' title='bbox 512 2182 571 2216; x_wconf 91' lang='lat' dir='ltr'><strong>cum</strong></span> <span class='ocrx_word' id='word_1_124' title='bbox 582 2166 664 2216; x_wconf 91' lang='lat' dir='ltr'><strong>modo</strong></span> <span class='ocrx_word' id='word_1_125' title='bbox 676 2170 837 2231; x_wconf 81' lang='lat' dir='ltr'><strong>quaererent</strong></span> <span class='ocrx_word' id='word_1_126' title='bbox 846 2165 967 2228; x_wconf 87' lang='lat' dir='ltr'><strong>sodales,</strong></span> 
     </span>
     <span class='ocr_line' id='line_1_24' title="bbox 384 2237 870 2291; baseline -0.008 0"><span class='ocrx_word' id='word_1_127' title='bbox 384 2247 502 2291; x_wconf 88' lang='lat' dir='ltr'><strong>ventrem</strong></span> <span class='ocrx_word' id='word_1_128' title='bbox 514 2237 693 2291; x_wconf 67' lang='lat' dir='ltr'><strong>dixilhabere</strong></span> <span class='ocrx_word' id='word_1_129' title='bbox 704 2256 733 2290; x_wconf 86' lang='lat' dir='ltr'><strong>se</strong></span> <span class='ocrx_word' id='word_1_130' title='bbox 742 2240 870 2291; x_wconf 86' lang='lat' dir='ltr'><strong>solutum.</strong></span> 
     </span>
    </p>
   </div>
   <div class='ocr_carea' id='block_1_10' title="bbox 587 2327 820 2370">
    <p class='ocr_par' dir='ltr' id='par_1_16' title="bbox 587 2327 820 2370">
     <span class='ocr_line' id='line_1_25' title="bbox 587 2327 820 2370; baseline -0.013 0"><span class='ocrx_word' id='word_1_131' title='bbox 587 2332 620 2370; x_wconf 78' lang='lat'><strong>89.</strong></span> <span class='ocrx_word' id='word_1_132' title='bbox 645 2327 684 2369; x_wconf 77' lang='lat' dir='ltr'><strong>Ad</strong></span> <span class='ocrx_word' id='word_1_133' title='bbox 705 2327 820 2369; x_wconf 82' lang='lat' dir='ltr'><strong>Pollam.</strong></span> 
     </span>
    </p>
   </div>
   <div class='ocr_carea' id='block_1_11' title="bbox 310 2403 949 2540">
    <p class='ocr_par' dir='ltr' id='par_1_17' title="bbox 310 2403 949 2540">
     <span class='ocr_line' id='line_1_26' title="bbox 310 2403 949 2470; baseline -0.003 -17"><span class='ocrx_word' id='word_1_134' title='bbox 310 2405 429 2455; x_wconf 85' lang='lat' dir='ltr'><strong>Intactas</strong></span> <span class='ocrx_word' id='word_1_135' title='bbox 441 2420 523 2470; x_wconf 88' lang='lat' dir='ltr'><strong>quare</strong></span> <span class='ocrx_word' id='word_1_136' title='bbox 534 2405 619 2455; x_wconf 86' lang='lat' dir='ltr'><strong>mittis</strong></span> <span class='ocrx_word' id='word_1_137' title='bbox 630 2403 705 2467; x_wconf 90' lang='lat' dir='ltr'><strong>mihi,</strong></span> <span class='ocrx_word' id='word_1_138' title='bbox 716 2403 804 2467; x_wconf 90' lang='lat' dir='ltr'><strong>Polla,</strong></span> <span class='ocrx_word' id='word_1_139' title='bbox 815 2404 949 2455; x_wconf 62' lang='lat' dir='ltr'><strong>coronas?</strong></span> 
     </span>
     <span class='ocr_line' id='line_1_27' title="bbox 349 2480 811 2540; baseline -0.002 -12"><span class='ocrx_word' id='word_1_140' title='bbox 349 2480 405 2530; x_wconf 81' lang='lat' dir='ltr'><strong>Ate</strong></span> <span class='ocrx_word' id='word_1_141' title='bbox 416 2484 529 2540; x_wconf 83' lang='lat' dir='ltr'><strong>vexatas</strong></span> <span class='ocrx_word' id='word_1_142' title='bbox 539 2480 612 2530; x_wconf 91' lang='lat' dir='ltr'><strong>malo</strong></span> <span class='ocrx_word' id='word_1_143' title='bbox 623 2483 715 2530; x_wconf 81' lang='lat' dir='ltr'><strong>tenere</strong></span> <span class='ocrx_word' id='word_1_144' title='bbox 723 2495 811 2531; x_wconf 87' lang='lat' dir='ltr'><strong>rosas.</strong></span> 
     </span>
    </p>
   </div>
   <div class='ocr_carea' id='block_1_12' title="bbox 551 2566 855 2609">
    <p class='ocr_par' dir='ltr' id='par_1_18' title="bbox 551 2566 855 2609">
     <span class='ocr_line' id='line_1_28' title="bbox 551 2566 855 2609; baseline -0.003 0"><span class='ocrx_word' id='word_1_145' title='bbox 551 2571 585 2609; x_wconf 71' lang='lat'><strong>90.</strong></span> <span class='ocrx_word' id='word_1_146' title='bbox 609 2567 640 2608; x_wconf 90' lang='lat' dir='ltr'><strong>ln</strong></span> <span class='ocrx_word' id='word_1_147' title='bbox 660 2566 855 2609; x_wconf 83' lang='lat' dir='ltr'><strong>Chrestillum·</strong></span> 
     </span>
    </p>
   </div>
   <div class='ocr_carea' id='block_1_13' title="bbox 311 2642 1034 2933">
    <p class='ocr_par' dir='ltr' id='par_1_19' title="bbox 312 2642 1034 2784">
     <span class='ocr_line' id='line_1_29' title="bbox 312 2642 1034 2711; baseline 0.007 -21"><span class='ocrx_word' id='word_1_148' title='bbox 312 2642 439 2693; x_wconf 82' lang='lat' dir='ltr'><strong>Carmina</strong></span> <span class='ocrx_word' id='word_1_149' title='bbox 450 2644 524 2695; x_wconf 91' lang='lat' dir='ltr'><strong>nulla</strong></span> <span class='ocrx_word' id='word_1_150' title='bbox 534 2645 644 2711; x_wconf 82' lang='lat' dir='ltr'><strong>probas,</strong></span> <span class='ocrx_word' id='word_1_151' title='bbox 655 2644 734 2694; x_wconf 90' lang='lat' dir='ltr'><strong>molli</strong></span> <span class='ocrx_word' id='word_1_152' title='bbox 744 2659 813 2711; x_wconf 92' lang='lat' dir='ltr'><strong>quae</strong></span> <span class='ocrx_word' id='word_1_153' title='bbox 823 2643 910 2694; x_wconf 84' lang='lat' dir='ltr'><strong>limite</strong></span> <span class='ocrx_word' id='word_1_154' title='bbox 920 2655 1034 2695; x_wconf 74' lang='lat' dir='ltr'><strong>crurunt</strong></span> 
     </span>
     <span class='ocr_line' id='line_1_30' title="bbox 348 2717 984 2784; baseline 0.003 -19"><span class='ocrx_word' id='word_1_155' title='bbox 348 2717 396 2766; x_wconf 88' lang='lat' dir='ltr'><strong>sed</strong></span> <span class='ocrx_word' id='word_1_156' title='bbox 407 2733 475 2783; x_wconf 89' lang='lat' dir='ltr'><strong>quae</strong></span> <span class='ocrx_word' id='word_1_157' title='bbox 485 2735 533 2784; x_wconf 88' lang='lat' dir='ltr'><strong>per</strong></span> <span class='ocrx_word' id='word_1_158' title='bbox 542 2719 663 2769; x_wconf 83' lang='lat' dir='ltr'><strong>salebras</strong></span> <span class='ocrx_word' id='word_1_159' title='bbox 675 2719 784 2784; x_wconf 88' lang='lat' dir='ltr'><strong>altaque</strong></span> <span class='ocrx_word' id='word_1_160' title='bbox 794 2733 860 2769; x_wconf 87' lang='lat' dir='ltr'><strong>saxa</strong></span> <span class='ocrx_word' id='word_1_161' title='bbox 874 2719 984 2769; x_wconf 88' lang='lat' dir='ltr'><strong>cadunt.</strong></span> 
     </span>
    </p>

    <p class='ocr_par' dir='ltr' id='par_1_20' title="bbox 311 2791 1014 2933">
     <span class='ocr_line' id='line_1_31' title="bbox 311 2791 963 2855; baseline 0.005 -16"><span class='ocrx_word' id='word_1_162' title='bbox 311 2791 346 2840; x_wconf 77' lang='lat' dir='ltr'><strong>lit</strong></span> <span class='ocrx_word' id='word_1_163' title='bbox 355 2791 407 2840; x_wconf 86' lang='lat' dir='ltr'><strong>tibi</strong></span> <span class='ocrx_word' id='word_1_164' title='bbox 416 2792 545 2843; x_wconf 87' lang='lat' dir='ltr'><strong>Maeonio</strong></span> <span class='ocrx_word' id='word_1_165' title='bbox 557 2809 600 2844; x_wconf 90' lang='lat' dir='ltr'><strong>res</strong></span> <span class='ocrx_word' id='word_1_166' title='bbox 612 2794 730 2844; x_wconf 87' lang='lat' dir='ltr'><strong>carmine</strong></span> <span class='ocrx_word' id='word_1_167' title='bbox 740 2794 829 2843; x_wconf 91' lang='lat' dir='ltr'><strong>maior</strong></span> <span class='ocrx_word' id='word_1_168' title='bbox 838 2792 963 2855; x_wconf 87' lang='lat' dir='ltr'><strong>habetur,</strong></span> 
     </span>
     <span class='ocr_line' id='line_1_32' title="bbox 349 2863 1014 2933; baseline 0.006 -20"><span class='ocrx_word' id='word_1_169' title='bbox 349 2863 470 2916; x_wconf 83' lang='lat' dir='ltr'><strong>Luceilei</strong></span> <span class='ocrx_word' id='word_1_170' title='bbox 481 2867 627 2918; x_wconf 84' lang='lat' dir='ltr'><strong>columella</strong></span> <span class='ocrx_word' id='word_1_171' title='bbox 636 2865 697 2919; x_wconf 88' lang='lat' dir='ltr'><strong>heic</strong></span> <span class='ocrx_word' id='word_1_172' title='bbox 706 2870 768 2919; x_wconf 88' lang='lat' dir='ltr'><strong>situ&#39;</strong></span> <span class='ocrx_word' id='word_1_173' title='bbox 780 2865 953 2933; x_wconf 82' lang='lat' dir='ltr'><strong>Metrophan&#39;</strong></span> <span class='ocrx_word' id='word_1_174' title='bbox 963 2877 1014 2920; x_wconf 84' lang='lat' dir='ltr'><strong>est.</strong></span> 
     </span>
    </p>
   </div>
   <div class='ocr_carea' id='block_1_14' title="bbox 0 0 1383 3450">
    <p class='ocr_par' dir='ltr' id='par_1_21' title="bbox 0 0 1383 3450">
     <span class='ocr_line' id='line_1_33' title="bbox 0 0 1383 3450; baseline 0 0"><span class='ocrx_word' id='word_1_175' title='bbox 0 0 1383 3450; x_wconf 95' lang='lat' dir='ltr'><strong> </strong></span> 
     </span>
    </p>
   </div>
  </div>
 </body>
</html>
