2750 3450
352 316 666 428 soreosmmlrum
698 318 835 405 u1s.y1.
940 340 991 407 15¹7

259 479 321 531 ritus
332 483 374 529 est
382 477 496 529 Fuscus.
514 476 595 529 Licet
603 476 670 544 hoe,
684 481 815 544 Fortuna,
826 478 916 544 fateri,

259 570 291 605 on
299 554 379 604 timet
387 550 501 604 hostiles
511 553 566 603 iam
577 554 648 620 lapis
658 556 711 605 iste
721 555 818 605 minas.
886 554 889 563 '

259 628 309 679 nde
323 629 416 694 iugum
432 627 537 678 domita
545 627 638 679 Dacus
650 630 754 680 cervice
768 629 879 695 recepit,

259 702 403 754 :famulum
414 702 513 753 victrix
526 703 651 768 possidet
661 704 759 755 umbre
767 718 870 754 nemus.

485 809 520 848 Π.
544 805 576 848 In
594 805 702 849 Afrum.

258 920 265 952 ι
278 903 316 953 sis
326 908 382 952 tam
392 915 505 968 pauper,
516 915 596 966 quam
606 915 657 951 neo
671 900 837 953 miserabilis
846 901 917 966 lrus3

259 994 292 1028 lm
301 978 421 1040 iuvenis,
435 990 515 1043 quam
525 990 576 1026 nee
586 973 809 1042 Parthenopaeus
819 982 890 1040 erat3

265 1051 356 1114 fortis,
367 1066 448 1118 quam
458 1065 516 1112 neo,
528 1065 587 1101 cum
597 1051 727 1113 vinceret,
736 1051 936 1103 Artemidorus:

259 1127 302 1177 uid
312 1133 338 1176 te
350 1124 543 1192 Cappadocum
555 1140 603 1176 sex
614 1141 682 1176 onus
693 1140 752 1177 esse
762 1124 855 1177 iuvatl

259 1202 321 1264 eris,
336 1201 476 1265 multoque
486 1200 573 1266 magis
583 1200 744 1264 traduceris,
755 1199 828 1264 Afer,

259 1291 320 1327 uam
330 1275 417 1326 nudus
428 1274 518 1324 medio
530 1275 554 1324 si
568 1275 686 1340 spatiere
697 1274 769 1326 foro.

259 1369 263 1401 ι
274 1351 355 1401 aliter
367 1354 533 1401 monstratur
542 1349 619 1399 Atlas
633 1364 693 1400 eum
704 1364 831 1416 compare
840 1351 937 1417 ginno;

259 1440 362 1493 uaeque
372 1422 446 1476 vehit
456 1423 571 1474 similem
581 1423 674 1475 bellua
683 1425 763 1491 nigra
771 1423 871 1492 Libyu'.

262 1501 343 1552 diosa
351 1500 404 1550 tibi
414 1513 495 1566 quam
505 1499 543 1549 sit
553 1498 660 1562 lectica,
671 1497 803 1565 requirisl

259 1575 301 1628 'ou
312 1575 394 1626 debes
407 1572 473 1626 ferri
488 1579 610 1625 mortuus
620 1571 788 1640 hexaphoro.

339 1699 373 1739 ts.
397 1693 438 1738 Ad
456 1693 565 1744 Aulum,
585 1695 617 1738 de
636 1693 746 1748 Phryge
768 1692 854 1739 lusco,

308 1790 396 1842 Potor
404 1790 516 1852 nobilis,
528 1789 604 1852 Aule,
614 1789 716 1840 lumine
726 1804 780 1840 uuo

310 1866 402 1916 luscus
412 1862 505 1931 Phryx
516 1868 583 1926 erat,
596 1863 737 1930 alteroque
747 1863 852 1929 lippus:

309 1938 374 1990 huic
383 1939 473 1991 Heras
483 1939 617 1991 medicus:
631 1939 711 1990 bibas
721 1944 816 1990 caveto

309 2014 414 2065 vinum:
431 2015 455 2064 si
464 2014 576 2078 biberis,
586 2012 655 2064 nihil
665 2013 780 2065 videbis.

309 2087 413 2139 Ridens
423 2087 515 2156 Phryx
527 2090 616 2152 oculo,
627 2086 754 2152 Valebis,
768 2088 866 2156 iuquit.

310 2162 423 2215 Misceri
433 2159 487 2214 sibi
497 2165 622 2230 protinus
636 2165 762 2226 deuuees,

311 2238 361 2290 sed
371 2238 480 2290 crebros
489 2239 573 2290 iubet.
597 2238 708 2289 Exitum
717 2236 849 2304 requiris!

310 2310 411 2365 Vinum
421 2311 523 2381 Phryx,
538 2312 632 2365 oculus
642 2314 713 2365 bibit
725 2327 864 2364 venenum.

481 2420 516 2463 le.
539 2416 580 2460 Ad
598 2418 712 2473 Lupum.

259 2513 305 2564 stis
315 2527 354 2575 es,
365 2512 392 2563 et
401 2512 481 2576 leli13
492 2514 562 2564 sciat
570 2510 624 2563 hoo
632 2511 764 2574 Fortuna,
775 2516 884 2563 caveto:

258 2591 376 2655 igrotum
387 2587 460 2640 dicet
468 2593 504 2652 te,
519 2587 605 2653 Lupe,
616 2588 641 2637 si
651 2586 752 2636 scierit.

315 2703 351 2743 8⁰·
374 2699 415 2744 Ad
435 2700 582 2744 Caesarem
603 2700 634 2741 de
654 2699 729 2759 rosis
747 2696 884 2743 hibernis.

259 2809 322 2846 rove
331 2793 404 2847 done
414 2794 473 2857 tibi,
486 2793 597 2862 Caesar,
610 2792 837 2849 Nilotiostollus

259 2866 485 2925 iserathlberuos
497 2872 659 2931 ambitiosa
670 2890 773 2931 rosas:
