2750 3450
305 385 354 435 1⁰6
592 383 804 431 maurilius

380 509 499 574 duasque
510 507 611 558 similes
622 507 747 558 fluctibus
761 507 845 555 maris
856 521 989 573 gemmas

380 583 486 634 dedisse
495 582 608 632 Bassam
621 582 796 646 Caeliamque
805 581 918 632 iurasti.

380 657 460 719 llere,
471 655 630 719 detherius,
641 656 766 707 Pollione
776 659 918 719 cantante,

380 747 439 781 cum
451 731 541 781 subito
553 731 650 792 abires,
661 731 723 780 dum
734 729 816 795 fugis,
826 728 1008 797 loquebaris.

380 805 538 855 hereditatis
548 806 599 854 tibi
609 810 729 854 trecenta
738 805 858 853 venisse:

380 886 407 929 et
417 894 495 929 mane
506 886 619 941 eentum,
630 885 657 928 et
666 883 729 944 past
738 877 879 929 meridiem
891 886 1014 931 centum.

382 954 453 1015 Quid
463 954 514 1004 tibi
524 953 633 1003 sodales
643 952 755 1002 fecimus
765 951 832 1002 mali
841 952 972 1004 tantaml

379 1029 510 1080 Miserere
519 1028 583 1089 iam,
594 1027 720 1087 erudelis,
730 1031 757 1076 et
766 1025 816 1076 sile
826 1027 958 1080 tandem:

382 1110 437 1164 aut,
449 1103 472 1152 si
481 1107 571 1151 tacere
582 1101 675 1167 lingua
685 1116 740 1151 uon
751 1105 841 1166 potest
849 1101 916 1164 ista,

380 1176 528 1243 aliquando
539 1191 628 1238 narra,
640 1175 713 1242 quod
724 1175 836 1225 velimus
846 1175 957 1228 audire.

587 1282 621 1321 62.
645 1280 684 1321 lle
704 1277 813 1330 Lycori.

307 1358 394 1408 Tibur
402 1356 431 1406 in
441 1353 603 1405 Herculeum
613 1338 739 1420 migravit
748 1355 826 1419 nigra
838 1352 974 1420 Lycoris,

345 1431 437 1482 omnia
447 1430 510 1480 dum
520 1429 579 1479 lieri
589 1429 707 1479 candida
717 1428 802 1479 credit
810 1429 859 1480 ibi.

565 1534 598 1574 ua.
622 1532 661 1572 De
681 1528 831 1572 cnerellir.

308 1611 378 1660 Dum
389 1611 457 1676 petit
467 1625 484 1659 a
492 1609 587 1659 Baulis
597 1613 684 1657 mater
698 1606 936 1674 CaerelliaBaias,

346 1686 447 1736 oceidit
456 1685 545 1735 insani
556 1683 667 1734 emmine
677 1697 766 1733 mersa
775 1679 846 1732 freti.

310 1760 407 1810 Gloria
417 1764 517 1826 quanta
526 1759 597 1825 perit
607 1756 698 1808 vobis!
717 1755 785 1807 haec
794 1762 918 1809 monstra
932 1758 1040 1813 Neroal

345 1852 393 1887 uec
404 1833 538 1901 quondam
549 1834 640 1883 iussae
650 1831 848 1898 praestiteratis
859 1846 960 1898 aquae.

471 1926 503 1965 54.
528 1921 568 1962 De
587 1920 678 1961 hortis
697 1917 764 1960 Iulii
782 1917 936 1962 Martialis.

417 2000 468 2049 luli
478 1999 573 2063 iugera
582 2010 670 2062 pauca
680 1993 826 2055 Martialis,

418 2073 504 2123 hortis
516 2070 695 2134 Hesperidum
706 2068 839 2130 beatiore,

418 2148 500 2211 longo
511 2143 626 2193 Ianiculi
635 2145 700 2210 iugc
710 2142 881 2193 recumbunt:

420 2221 469 2269 lati
480 2218 595 2269 collibus
605 2219 745 2267 imminent
754 2231 890 2280 recessus:

419 2301 446 2345 et
455 2294 552 2360 planus
562 2292 670 2342 modico
680 2297 786 2341 tumore
796 2296 890 2342 vertex

419 2369 496 2420 coelo
507 2366 654 2432 perfruitur
663 2366 812 2416 sereniore:

419 2450 446 2493 et
456 2457 551 2493 curvas
561 2440 661 2493 nebula
669 2445 777 2506 tegente
786 2438 872 2490 valles

419 2518 493 2569 solus
504 2517 564 2567 luce
573 2518 641 2566 nitet
651 2514 796 2580 peculiari:

419 2593 493 2658 puris
503 2592 600 2643 leniter
610 2591 787 2640 admoventur
800 2587 882 2637 astris

420 2667 508 2717 celsae
519 2666 637 2716 culmina
651 2663 769 2714 delicata
777 2663 868 2712 villae.

421 2740 493 2790 Hinc
502 2745 602 2807 septem
615 2739 741 2789 dominos
751 2737 842 2787 videre
852 2741 961 2789 mantes

415 2821 544 2869 ettotam
556 2816 624 2869 licet
635 2814 783 2866 aestimare
792 2809 924 2867 Rumam,

406 2893 540 2949 Albanos
554 2907 672 2964 quoque
680 2885 885 2947 Tuscmcsuue
897 2878 1002 2933 celles.
