2750 3450
369 353 415 401 132
655 350 863 396 mumius

367 482 414 525 aut
423 476 446 525 si
457 480 581 540 parianu
590 479 678 524 tecum
688 474 740 524 tibi
750 488 848 540 magna
860 474 1002 539 supellex:

402 565 464 599 nain
475 564 536 599 nica
544 551 599 598 iam
610 549 724 614 digitum
735 549 845 598 sustulit
854 545 1028 614 hospitibus.
1111 598 1115 609 ,

366 624 448 674 Nulla
457 625 525 690 tegit
534 622 637 673 fractus
648 638 697 672 uec
706 623 796 672 inanis
807 621 908 672 culcita
918 623 1027 677 lectos:

402 700 488 764 putris
499 705 526 748 et
536 698 650 763 abnipta
659 696 747 746 fascia
757 703 827 746 reste
837 697 919 746 iacet.

366 774 408 823 sit
417 782 506 822 tamen
517 771 665 838 hospitium
676 772 756 821 nubis
767 786 908 821 commune
920 772 1049 825 duobus:

401 849 455 898 enii
465 845 573 909 hortos3
588 846 650 913 plus
660 853 714 896 est:
728 847 831 895 instrue
841 852 884 907 tu3
898 846 993 898 minus
1004 854 1056 900 est.

623 961 657 999 63.
680 958 720 997 Ad
740 958 893 1000 Ponticum.

367 1053 438 1114 Quid
449 1053 542 1114 sentis,
552 1051 652 1117 inquis,
664 1051 697 1101 de
706 1052 817 1113 nostris,
827 1050 933 1114 llarce,
947 1052 1070 1105 libellis!

401 1129 441 1177 sic
450 1142 493 1176 nie
503 1126 645 1187 sellicitus,
656 1125 779 1187 Pentice,
790 1140 871 1191 saepe
881 1141 975 1192 rogas.

362 1203 498 1262 ‚lduiiron
509 1206 618 1265 stupeo:
633 1198 701 1249 nihil
713 1206 753 1249 est
762 1199 908 1265 perfectius
918 1201 988 1265 illis,

400 1278 459 1342 ipse
469 1282 517 1325 tue
528 1275 600 1325 cedit
610 1273 728 1340 Regulus
737 1275 856 1340 ingenio.

364 1350 426 1400 lloc
436 1348 535 1399 sentis?
554 1350 658 1415 inquis3
673 1347 759 1398 iaciat
767 1348 818 1398 tibi
829 1350 869 1398 sic
877 1348 948 1400 bene
960 1349 1072 1413 caesar,

400 1426 441 1474 sic
451 1423 622 1489 Capitolinus
632 1423 742 1488 lupiter.
771 1422 855 1473 lmine
866 1423 927 1473 tibi.

581 1530 617 1570 ds.
640 1527 679 1568 Ad
696 1541 761 1569 suos
780 1527 935 1569 ministros.

364 1623 515 1683 Sextantes,
528 1621 649 1684 Calliste,
660 1621 729 1671 duos
738 1620 850 1672 infunde
858 1621 985 1673 Falerni:

399 1704 429 1747 tu
440 1712 520 1764 super
530 1696 657 1759 aestivas,
667 1696 780 1760 Alcime,
793 1696 868 1748 solve
878 1697 964 1749 nives.

363 1773 526 1838 Pinguescat
536 1773 620 1822 nimio
631 1772 757 1822 madidus
767 1770 834 1821 mihi
845 1773 928 1822 crinis
940 1787 1061 1838 amomo,

400 1848 587 1912 lassenturque
597 1847 668 1897 rosis
677 1853 803 1912 tempora
812 1846 950 1898 sutilibus.

364 1922 420 1971 lani
430 1922 520 1972 vicina
529 1921 623 1970 iubent
632 1937 682 1971 nes
693 1922 782 1972 vivere
792 1920 951 1985 Mausolea3

400 2012 459 2045 cuin
470 1996 595 2057 doceant,
605 1996 681 2061 ipsos
692 2011 773 2062 posse
782 1997 871 2062 perire
881 1995 959 2048 deos.

621 2102 654 2141 ⁶5.
678 2100 719 2140 Ad
739 2100 894 2142 Caesarem.

362 2195 441 2242 istra
452 2192 597 2259 polumque
608 2193 692 2255 dedit,
704 2194 826 2259 quamvis
837 2193 963 2245 obstante
973 2209 1098 2258 noverca,

400 2267 511 2316 Alcidae
522 2267 639 2318 Nemeae
648 2275 746 2330 terror,
758 2274 785 2318 et
794 2269 877 2317 ¹lrcas
889 2283 968 2333 aper3

363 2351 389 2390 et
400 2343 560 2407 castigatum
572 2342 695 2408 Libycae
706 2358 814 2393 ceroma
824 2342 993 2408 palaestrae3

399 2421 426 2464 et
435 2419 526 2482 gravis
536 2418 564 2466 in
575 2416 668 2468 Siculo
679 2416 789 2482 pulvere
799 2416 875 2467 fusus
889 2416 979 2484 Eryx:

363 2491 545 2558 silvarumque
555 2497 665 2552 tremor,
676 2493 763 2541 tacita
773 2492 819 2558 qui
829 2490 925 2541 fraude
936 2492 1048 2544 solebat

400 2565 497 2616 ducere
507 2582 557 2616 nec
566 2573 655 2617 rectas
667 2566 753 2616 Cacus
762 2567 791 2616 in
802 2571 880 2616 antra
889 2566 985 2618 boves.

364 2639 418 2688 lsta
428 2647 500 2703 tuae,
512 2640 621 2703 Caesar,
632 2648 717 2706 quota
727 2656 790 2706 pars
801 2646 939 2706 spectatur
952 2641 1072 2694 erenaei

399 2714 456 2764 Dat
465 2716 572 2765 maiora
581 2731 667 2765 novus
678 2715 784 2781 praelia
792 2731 871 2765 niune
881 2716 950 2765 dies.

355 2789 432 2849 ant
439 2793 577 2860 graviora
588 2790 839 2844 caduntllenieaea
847 2785 971 2853 nundus
979 2788 1119 2844 mummi

385 2866 466 2930 Quint
475 2877 528 2924 tua
539 2869 710 2924 Maenalius
721 2861 938 2920 collucatiiauta
944 2861 1027 2908 mesi
