2750 3450
328 367 378 419 186
618 367 826 415 Mauricius

328 510 408 560 quarn
420 508 494 544 ureris
504 492 630 558 Hispano
641 492 666 542 ci
674 507 718 542 mc
731 490 823 557 Tagus
833 489 948 556 impleat
958 506 1034 557 auro,

365 575 461 635 pascat
470 574 497 618 et
507 567 601 633 Hybla
609 581 694 628 meas,
704 571 801 631 pascat
814 564 961 630 Hymettos
975 582 1048 633 apes.

327 642 389 694 Non
400 642 468 693 nihil
480 659 543 709 crgo
555 657 659 703 sunum3
670 656 721 691 uec
731 640 846 691 blandae
857 655 966 691 numere
976 641 1081 709 linguae

365 718 523 784 decipimur.
545 716 660 767 Credam
670 716 735 777 iam,
746 724 822 780 puto,
833 712 934 777 Lause,
943 716 1005 766 tibi.

410 842 444 880 89.
469 836 636 894 Apollinari
658 836 749 878 mittit
771 848 901 877 coronam
922 850 1038 879 roceam.

418 932 439 995 Ι,
450 931 518 983 felix
527 947 601 994 rosa,
611 930 794 995 mollibusque
805 930 885 981 sertis

417 1008 505 1058 nostri
516 1007 595 1073 cingo
605 1020 699 1058 comas
708 1004 890 1070 Apollinaris:

419 1097 486 1148 quas
496 1087 526 1131 tu
537 1087 644 1132 nectere
655 1080 796 1141 candidas,
806 1079 855 1130 sed
867 1079 943 1143 olim,

417 1158 458 1207 sic
467 1163 494 1206 te
504 1171 610 1222 semper
621 1160 694 1206 amet
702 1152 804 1218 Venus,
814 1160 960 1206 memento.

589 1278 624 1319 99.
646 1274 686 1316 Arl
708 1274 857 1318 Creticum.

326 1369 414 1420 lactat
422 1369 593 1435 inaequalem
603 1367 700 1421 Matho
712 1385 755 1420 me
764 1368 861 1420 fecisse
872 1368 1010 1423 libellum:

268 1447 271 1452 '
363 1445 387 1494 si
398 1459 488 1493 verum
499 1451 548 1507 est,
559 1445 655 1496 laudat
665 1444 788 1495 carmina
797 1450 892 1494 nostra
901 1443 1008 1498 Matho.

326 1519 460 1584 Aequales
471 1519 566 1570 scribit
575 1519 661 1570 libros
673 1518 802 1569 Calvinus
813 1524 840 1569 et
849 1519 957 1570 Umber.

363 1593 492 1659 Aequalis
501 1589 571 1645 liber
581 1600 631 1657 est,
643 1592 758 1655 Cretice‚
769 1594 815 1660 qui
826 1593 914 1644 malus
925 1601 975 1645 cst.

576 1703 610 1743 ili.
634 1699 674 1743 Ad
695 1696 864 1743 iuvenalem.
937 1739 941 1746 ,

363 1792 405 1843 De
415 1799 510 1845 nostro
521 1793 637 1846 facunde
647 1795 701 1845 tibi
710 1794 846 1845 luvenalis
857 1793 948 1860 agello

400 1867 595 1921 Saturnalitias
603 1871 746 1932 mittimus,
756 1884 828 1930 ecce,
838 1884 930 1919 nuces.

365 1943 461 1994 Cetera
471 1945 583 1996 lascivis
594 1945 708 1996 donavit
717 1959 800 2011 poma
809 1943 909 2010 puellis

399 2020 520 2069 mentula
531 2021 652 2071 custodie
663 2020 807 2071 luxuriosa
817 2018 870 2069 dei.

590 2127 625 2167 92.
648 2123 679 2165 ln
699 2125 855 2167 Baccaram.

327 2200 432 2267 Siquid
444 2217 512 2268 opus
522 2200 614 2263 luerit,
624 2202 678 2251 scin
689 2216 797 2252 menon
811 2215 870 2251 esse
880 2199 1044 2268 rogandum,

363 2277 406 2327 bis
417 2277 497 2327 nobis
508 2276 586 2338 dicis,
596 2276 729 2339 Baccara,
739 2281 834 2341 terque
847 2276 900 2326 die.

326 2352 453 2417 Appellat
461 2352 554 2418 rigida
562 2352 651 2402 tristia
660 2366 703 2402 me
713 2366 781 2402 voce
791 2349 945 2401 Secundus:

364 2428 451 2489 audis,
463 2427 510 2477 scd
520 2427 618 2489 noscis,
629 2425 760 2488 Baccara,
772 2426 836 2491 quid
847 2425 884 2475 cit
894 2440 973 2491 opus.

328 2500 427 2552 Pensio
438 2508 465 2552 te
477 2515 568 2552 coram
580 2502 681 2567 petitur
691 2501 817 2566 clareque
826 2500 987 2567 palamque:

365 2577 453 2639 audis,
464 2576 512 2627 sed
521 2576 619 2640 nescis,
629 2575 761 2637 Baccara,
772 2575 837 2641 quid
848 2575 886 2625 sit
896 2589 974 2640 opus.

328 2650 395 2700 Esse
406 2666 505 2716 queror
514 2651 672 2717 gelidaeque
682 2647 750 2700 mihi
758 2650 893 2715 tritasque
903 2649 1044 2704 lacernam

365 2725 452 2787 audis,
464 2726 511 2775 scd
522 2727 619 2789 nescis,
629 2725 761 2787 Baccara,
772 2724 838 2789 quid
848 2724 886 2775 cit
896 2739 975 2791 opus.

330 2798 390 2849 lloc
402 2814 470 2865 opus
481 2805 531 2861 cst,
542 2801 633 2851 subito
645 2800 695 2850 llas
704 2805 735 2850 ut
744 2799 834 2850 sidere
843 2805 949 2861 mutuc3

365 2873 498 2925 dicerene
508 2876 608 2939 possis,
620 2875 752 2937 Baccara,
764 2873 829 2940 quid
839 2875 877 2924 sit
887 2888 966 2940 opus.
