2750 3450
472 615 511 667 Μ.
542 611 639 666 vul.
668 613 941 668 MARTIALlS

307 739 1033 817 EPIGRAMMATU

559 891 854 943 rrrursuvru.

602 1039 809 1062 m

310 1172 554 1219 lllPERATOlll
585 1170 808 1217 DOMITIANO
842 1164 1013 1218 CAESARI

378 1258 518 1311 GUSTO,
542 1254 784 1314 GERMANWO,
806 1254 967 1313 Ductor),
996 1257 1052 1302 VK

376 1341 463 1387 lllUS
490 1340 707 1387 Muurlums
735 1338 926 1385 SALUTEM.

349 1445 458 1516 Omnes
468 1464 575 1531 quidem
585 1463 675 1514 libelli
688 1464 756 1528 mei,
776 1464 899 1527 domine,
920 1466 1052 1532 quibustr

310 1553 391 1602 mum,
410 1540 503 1602 idest,
525 1541 609 1591 vitam
621 1538 730 1602 dedisti,
748 1538 802 1589 tibi
816 1539 989 1606 supplicant:
1009 1548 1052 1608 etp

312 1621 424 1682 propter
433 1613 486 1666 huc
494 1615 628 1682 leguntur.
667 1613 841 1678 Hictumem
860 1615 907 1681 (fui
919 1616 1015 1682 operis
1024 1632 1052 1668 n(

312 1696 425 1742 octavus
443 1690 614 1753 inscribitur,
639 1689 789 1742 occasione
809 1689 923 1756 pietutis
941 1689 1052 1759 frequen

310 1765 419 1816 fruitur.
439 1765 532 1817 Minus
542 1767 635 1832 itaque
644 1765 756 1833 ingenio
767 1765 950 1817 laborandum
959 1765 1052 1831 fuitir

310 1842 354 1891 ius
363 1841 454 1892 locum
464 1842 579 1892 muteris
588 1846 765 1892 successerat.
783 1840 870 1901 Quam
877 1841 988 1907 quidem
998 1842 1052 1893 sub:

313 1916 407 1982 aliqua
420 1917 545 1967 iocorum
559 1916 680 1967 mixtura
688 1916 797 1967 variare
805 1917 981 1980 tentavimus,
1001 1933 1036 1969 ue

311 1990 375 2041 lesti
385 1991 564 2042 verecundiae
573 1998 637 2041 tuue
646 1990 743 2042 laudes
756 2006 829 2055 suas,
837 1985 907 2059 quae
915 1989 1051 2044 faciliust

312 2066 400 2131 tigure
410 2070 533 2131 possunt,
539 2080 619 2132 quam
625 2082 676 2117 nos
687 2067 799 2129 satiare,
808 2067 895 2117 omnis
901 2081 998 2125 versus
1008 2068 1052 2136 ing

313 2145 363 2191 ret.
372 2139 502 2200 Quamvis
510 2146 599 2191 autem
605 2142 802 2208 epigrammata
807 2135 990 2193 severissimis
995 2157 1050 2209 quo

314 2221 340 2265 et
350 2230 492 2281 supremae
501 2214 747 2268 furtunuevirisitu
756 2218 859 2282 scripta
866 2216 930 2279 siut,
936 2218 1052 2268 utmimi

313 2290 458 2342 verborum
471 2291 612 2341 licentiam
625 2290 770 2343 affectasse
780 2292 937 2343 videantur:
959 2307 1013 2359 ego
1022 2298 1052 2343 ta

313 2365 371 2417 illis
380 2382 435 2417 nou
446 2366 558 2432 permisi
566 2371 622 2416 tam
632 2366 736 2419 lascive
744 2367 831 2433 loqui,
838 2381 919 2433 quum
929 2367 1031 2418 solent
1046 2373 1052 2410 l

313 2456 378 2507 pars
387 2441 452 2492 libri
463 2448 490 2491 et
499 2442 589 2492 maior
598 2446 625 2492 ct
636 2442 736 2493 melier
746 2442 782 2492 cd
797 2443 970 2493 maiestatem
980 2444 1052 2494 sacri

313 2516 396 2566 minis
405 2517 448 2566 tui
461 2516 581 2584 allegata
595 2517 640 2579 sit,
659 2518 813 2568 meminerit
824 2532 880 2568 non
896 2517 952 2568 nisi
968 2517 1051 2585 religi

314 2590 505 2657 purificatione
528 2592 660 2643 lustratus
679 2592 809 2644 accedere
829 2591 865 2643 ud
881 2591 987 2658 templu
1006 2592 1052 2644 del

316 2664 396 2725 Quod
406 2672 437 2717 ut
446 2667 643 2718 custoditurum
653 2682 696 2718 rue
704 2667 802 2718 lecturi
811 2668 944 2730 sciautin
952 2668 1017 2734 ipsu
1027 2668 1052 2719 li'

316 2738 396 2791 huius
415 2743 508 2792 limine
529 2742 652 2808 profiteri
670 2742 834 2795 brevissime
854 2742 962 2809 placuit
979 2744 1052 2811 epigr

315 2820 396 2866 nrate.
