2750 3450
340 402 344 407 '
375 400 690 449 EPIGRAMMATUM
720 401 788 446 uia.
817 400 874 446 xli.
976 397 1026 450 315

350 525 386 564 24.
410 521 449 564 Ad
468 519 628 570 Iuventium,
648 519 681 562 ds
700 520 799 562 torino
817 533 905 563 aurea.
939 556 941 561 .

326 605 350 656 0
359 605 487 668 iucunda,
498 604 603 668 coriae,
613 605 745 668 solitudo,

325 695 439 732 carruca
450 679 538 746 magis
549 679 700 745 essedoque
709 683 817 745 gratnm

323 754 436 806 facundi
445 751 512 804 mibi
523 769 618 805 munus
627 753 749 804 Aeliani:

324 827 371 881 hio
379 844 483 880 mecum
493 829 567 890 licet,
576 827 630 892 bio,
641 827 764 890 iuvenco,
774 828 907 895 quidquid

324 905 354 954 in
364 904 475 954 buccam
486 902 539 953 tibi
548 903 659 965 venerit,
671 903 803 969 loquaris.

325 977 387 1030 Non
398 984 489 1029 rector
497 976 597 1044 Libyci
607 977 685 1044 niger
699 976 809 1040 caballi,

325 1054 479 1104 succinctus
489 1066 576 1118 neque
587 1067 682 1103 cursor
695 1051 839 1102 antecedit.

325 1126 465 1194 Nusquam
476 1134 518 1178 est
526 1127 625 1177 mulio:
640 1127 763 1176 mannuli
771 1126 908 1178 tacebunt.

325 1201 348 1252 0
359 1203 384 1253 si
394 1203 520 1254 conscius
530 1207 602 1252 esset
611 1198 656 1251 bio
664 1201 769 1265 Avitus,

326 1292 418 1328 aurem
428 1292 484 1328 non
494 1291 545 1345 ego
556 1276 665 1327 tertiam
674 1277 807 1327 timerem.

326 1350 414 1404 Totus
425 1366 505 1418 quam
515 1350 583 1402 bene
593 1350 634 1402 sio
644 1351 702 1402 dies
714 1347 814 1402 abiretl

478 1459 512 1498 25.
535 1455 568 1498 In
588 1453 782 1500 Tbelerinum.

271 1554 300 1589 lm
308 1552 377 1606 rogo
386 1543 414 1590 te
423 1553 547 1589 nummos
554 1538 612 1590 sine
620 1539 748 1606 pignore:
759 1554 815 1590 non
821 1537 919 1602 habeo,
924 1539 1024 1606 inquis

270 1613 354 1678 Idem,
364 1614 388 1664 sl
398 1628 448 1680 pro
458 1628 502 1664 me
512 1613 629 1680 spondet
639 1613 752 1680 agellus,
763 1612 856 1665 habes.

271 1688 315 1741 rod
324 1685 392 1739 mibi
402 1702 456 1739 nou
467 1688 564 1751 orodis,
574 1689 669 1752 veteri,
680 1685 834 1753 Thelesine,
844 1688 945 1751 sodali,

272 1765 360 1815 credis
371 1763 507 1814 colliculis
517 1763 715 1830 arboribusque
725 1764 802 1814 meis.

271 1854 303 1890 ee
313 1853 388 1890 reum
399 1837 485 1889 Carus
494 1844 521 1889 te
532 1836 641 1889 detulit:
657 1837 731 1889 adsit
741 1836 854 1905 agellus.

271 1913 370 1964 Exsilii
381 1914 506 1964 comitem
518 1910 643 1981 quaeris?
664 1912 768 1981 agellus
778 1916 832 1963 eat

446 2022 480 2061 26.
504 2017 536 2060 ln
555 2030 665 2060 avorum
685 2018 809 2060 amioum.

271 2096 382 2164 xaginta
389 2100 464 2146 teras
474 2110 533 2145 oum
543 2094 639 2146 limina
649 2108 729 2144 mane
739 2098 859 2158 senator,

271 2186 328 2222 esse
337 2170 389 2221 tibi
399 2170 496 2221 videor
507 2169 662 2221 desidiosus
675 2184 767 2236 eques,

271 2244 307 2297 od
316 2260 372 2296 non
382 2260 399 2295 a
408 2246 497 2311 prima
506 2245 657 2295 discurram
667 2244 728 2294 luce
738 2258 787 2309 per
796 2244 890 2294 urbem

270 2326 298 2371 et
305 2319 421 2370 referam
431 2318 521 2370 lassus
532 2319 611 2370 basia
620 2319 695 2369 mille
705 2318 825 2369 domum.

271 2396 335 2457 dtu,
346 2395 489 2461 purpureis
499 2399 530 2444 ut
540 2394 587 2444 des
596 2408 670 2444 nova
679 2394 792 2444 nomina
801 2392 891 2455 fastis,

270 2474 318 2520 aut
326 2467 474 2521 Numiddm
484 2474 578 2535 gentes
593 2466 821 2533 Cappadocumve
830 2471 921 2532 petus:

272 2541 348 2607 milri,
360 2558 438 2610 quem
450 2543 526 2609 cogis
535 2541 642 2593 medios
652 2542 811 2608 abrumpere
823 2557 936 2593 somnos

271 2624 297 2670 et
305 2619 467 2669 matutinum
478 2617 549 2668 ferre
558 2617 670 2683 patique
679 2615 775 2679 lutum,

271 2694 298 2744 id
308 2692 426 2759 petituri
445 2692 536 2758 Rupta
546 2708 605 2742 oum
619 2706 668 2758 pes
678 2705 763 2759 vagus
774 2689 831 2741 exit
841 2688 926 2752 aluta,

270 2772 298 2818 et
307 2768 412 2819 subitus
423 2782 531 2819 crassae
542 2765 645 2817 decidit
653 2766 741 2817 imber
751 2779 852 2831 aquam

271 2843 366 2894 evenit
377 2842 476 2894 ablatis
488 2841 620 2893 clamatus
630 2856 714 2893 verna
723 2840 855 2903 lacernis3

271 2916 377 2969 accedit
385 2917 503 2985 gelidam
516 2932 609 2969 servus
621 2916 656 2969 ad
666 2916 831 2979 auriculam,
