2750 3450
306 370 359 423 m
595 372 810 420 maurilius

539 494 574 534 Π.
601 491 639 533 Oc
659 491 730 534 Ono
749 490 863 534 melico.

307 561 430 628 Nequius
440 575 458 611 a
465 559 537 610 Caro
546 558 617 610 nihil
626 574 754 626 unquam,
762 559 892 622 Maxime,
900 559 1003 610 factum
1014 576 1027 611 e

346 651 426 703 qm
436 634 510 702 qood
520 633 595 684 lehre
604 635 688 700 periti
704 634 770 685 iecit
779 641 807 684 ot
815 635 866 684 illa
875 634 962 686 nefas.

308 709 396 762 Saeva
406 725 506 761 nocens
516 707 601 759 febris
611 709 708 759 saltem
719 714 853 775 quartana
861 705 973 760 luisses!

346 783 455 836 Servari
464 783 571 835 medico
582 783 676 834 debuit
684 782 734 833 ille
745 799 805 834 suo.

581 874 616 913 it.
640 870 680 932 Ati
697 871 826 913 Macron.

417 939 474 990 ibis
483 939 607 1002 litoreas,
616 938 719 1002 Macer,
730 938 861 990 Salonas:

418 1015 470 1065 ibit
479 1029 543 1064 rara
552 1014 629 1077 fides,
640 1029 769 1080 mirorque
779 1014 856 1075 recti3

419 1095 446 1140 et
455 1103 545 1139 secum
558 1090 683 1141 comitem
693 1086 783 1140 trahet
794 1088 934 1154 pudorem.

420 1161 531 1229 Semper
538 1164 687 1230 pauperior
697 1163 769 1215 redit
779 1168 918 1238 potestas..

420 1237 498 1290 Felix
506 1237 643 1289 auriferae
654 1239 753 1290 colone
761 1244 861 1300 terrae,

418 1316 552 1364 rectorem
562 1328 649 1364 vacuo
660 1313 722 1364 sinu
733 1314 864 1374 remittes,

420 1385 582 1455 optabitque
591 1402 693 1449 moras,
704 1394 732 1438 et
741 1392 881 1438 exeuntem

420 1460 474 1510 udo
485 1459 615 1512 Dalmata
624 1462 727 1529 gaudio
740 1462 870 1530 sequeris.

420 1533 446 1586 N
447 1551 479 1585 os
489 1533 589 1599 Celtas,
600 1535 703 1600 Macer,
714 1543 741 1588 et
750 1543 839 1588 truces
849 1535 944 1587 iberos

421 1625 480 1661 cum
491 1610 628 1663 desiderio
638 1612 679 1663 tui
690 1618 820 1678 petemus.

420 1684 475 1738 Sed
488 1701 664 1756 quaecunque
673 1684 876 1739 tamen'feretru
885 1685 945 1737 illic

419 1761 523 1828 piscosi
534 1761 640 1815 calamo
652 1763 724 1829 Tagi
732 1767 838 1823 notata,

419 1835 543 1887 Macrum
554 1838 655 1903 pagina
664 1842 760 1888 nostra
769 1836 930 1888 nominabit.

421 1909 467 1962 Sic
475 1912 547 1963 iuter
557 1918 660 1963 veteres
670 1911 747 1980 legar
757 1917 866 1978 poetas3

419 2001 470 2037 nec
478 1985 579 2037 multos
588 1984 655 2037 mihi
666 1985 805 2053 praeferas
815 1986 931 2052 priores,

421 2075 474 2111 uno
487 2061 535 2111 sed
544 2061 596 2113 tibi
605 2062 657 2112 sim
667 2062 757 2112 nsinor
768 2060 885 2126 Catfflo.

475 2150 510 2191 tu.
531 2149 571 2191 De
591 2148 739 2203 Torquato
757 2153 784 2191 st
803 2145 934 2189 Otacilio.

308 2216 350 2266 Au
359 2216 479 2283 lapidem
490 2217 647 2285 Torquatus
656 2215 740 2286 habet
750 2218 890 2283 praetoria
900 2222 1026 2281 quartum

347 2291 382 2341 ad
393 2296 517 2357 quartum
527 2291 609 2343 breve
619 2309 665 2344 rus
675 2293 743 2342 emit
754 2292 897 2342 Otacilius.

310 2365 466 2432 Torquatus
476 2367 579 2419 nitidas
588 2368 666 2418 vario
675 2366 711 2417 de
721 2381 856 2417 marmore
866 2364 986 2417 thermas

346 2442 491 2491 exstruxitz
507 2457 646 2493 cucumam
656 2441 722 2492 fecit
732 2441 875 2493 Otacilius.

308 2512 454 2580 Disposuit
463 2515 619 2582 Daphnous
629 2534 680 2570 suo
691 2517 849 2583 'l'orquatns
858 2517 887 2565 in
898 2531 966 2583 agro
976 2536 983 2568 ε

347 2596 489 2641 castaneus
503 2598 609 2642 centum
624 2592 694 2643 sevit
704 2591 847 2643 Otacilius.

310 2662 428 2715 Consule
439 2665 581 2732 Torquato
592 2668 647 2718 vici
657 2666 710 2717 tuit
720 2667 767 2717 ille
777 2666 920 2733 magister;

346 2754 396 2789 nec
406 2740 495 2790 minor
503 2741 533 2792 in
542 2747 620 2793 tonto
631 2742 705 2793 visus
715 2739 820 2793 honore
830 2740 892 2791 sibi.

311 2810 429 2864 Grandis
438 2820 468 2865 ut
478 2817 603 2883 exiguam
613 2817 664 2867 bos
675 2832 770 2867 ranam
779 2821 890 2883 ruperat
901 2817 979 2881 olim,

346 2889 386 2939 sic
395 2893 462 2955 puto
473 2887 631 2958 Torquatus
639 2898 746 2958 rumpet
755 2889 911 2943 Otacilium.
