2750 3450
243 267 257 477 Ι
329 267 339 447 l
446 310 764 397 arianimirum
789 351 941 397 ttuvffl.
1043 350 1092 402 2⁰3

330 462 334 536 l
478 473 514 513 st,
536 468 568 512 ln
587 470 667 513 ruis
686 483 715 512 ns
734 471 905 513 tondentem.

300 563 363 616 Pars
374 564 548 617 maxillarum
558 570 640 614 tonsa
650 564 762 626 esttibi,
778 579 841 630 pars
852 565 904 614 tibi
914 580 978 615 rasa
988 576 1036 626 est,

333 656 396 707 pars
407 639 486 691 vrrlsa
496 645 549 690 est:
565 654 647 689 uuum
659 640 721 704 quis
731 644 807 705 putet
817 654 877 690 esse
888 639 984 706 cuputt

506 746 541 785 ta.
566 744 605 785 De
625 741 722 785 abolla
741 743 877 797 Crispini.

298 825 392 879 Nescit
401 827 446 879 cui
457 825 563 877 dederit
573 825 688 892 Tyriam
700 824 841 891 Crispinus
853 825 982 889 abollam,

333 903 397 954 dum
407 906 493 953 mutat
504 900 600 963 cultus,
610 900 786 965 induiturque
796 905 899 967 togam.

299 976 428 1044 Quisquis
440 973 533 1038 habes,
539 973 657 1026 humeris
665 990 715 1025 sua
721 975 929 1039 nrrrneraredde,
936 992 1090 1043 precamur:

331 1067 388 1104 uon
398 1050 451 1103 hoc
462 1051 612 1117 Crispinus,
625 1055 652 1100 te
663 1050 712 1100 sed
722 1049 816 1100 abolla
825 1057 913 1117 rogat.

295 1125 358 1179 Non
369 1127 522 1193 quicunque
533 1125 607 1192 capit
616 1131 753 1175 saturatas
763 1126 865 1175 murice
876 1130 977 1176 vestes:

332 1217 384 1254 nec
393 1202 447 1252 nisi
458 1200 566 1252 deliciis
576 1201 702 1251 convenit
712 1201 764 1250 iste
776 1200 861 1250 color.

295 1275 325 1328 Si
334 1283 362 1328 te
372 1276 476 1344 praeda
488 1276 565 1326 iuvat
575 1274 703 1340 foedique
713 1275 823 1325 insania
835 1275 913 1338 lucri,

332 1367 388 1419 qua
396 1351 487 1419 possis
497 1351 593 1401 melius
603 1349 708 1413 tallere,
721 1365 796 1400 sume
805 1356 908 1417 togam.

583 1459 617 1498 49.
643 1456 680 1497 De
700 1453 798 1510 Arpro.

292 1533 455 1586 Formosam
467 1533 555 1599 plane,
571 1531 618 1582 sed
629 1547 726 1582 caecus
737 1533 829 1599 diligit
838 1533 931 1599 Asper.

332 1606 397 1660 Plus
408 1623 482 1676 ergo,
493 1612 576 1658 utres
587 1612 636 1669 est,
648 1622 729 1673 quam
740 1607 815 1658 videt
824 1609 917 1674 Asper,
933 1617 1013 1658 amat.

447 1717 492 1756 5οῐ
506 1713 549 1754 sd*
566 1712 714 1755 Caesarem
734 1711 932 1755 Domitianum.

295 1791 407 1854 Quanta
418 1789 545 1858 Gigantei
556 1798 723 1840 memoratur
732 1804 825 1840 mensa
835 1790 974 1858 triumphi,

333 1871 487 1934 quantaque
497 1880 553 1916 uox
562 1865 666 1930 superis
679 1865 804 1915 omuibus
814 1865 865 1915 illa
873 1864 933 1928 fuit,

294 1957 351 2009 qua
360 1941 447 1993 bouus
459 1941 587 1991 accubuit
595 1940 704 2007 genitor
715 1955 773 1990 cunr
786 1940 864 2006 plebe
875 1942 997 2004 deorum,

333 2021 361 2067 et
369 2015 448 2067 licuit
456 2014 558 2066 Faunis
570 2030 682 2081 poscere
693 2016 757 2065 vina
768 2015 872 2065 lovem:

292 2096 374 2143 tauta
383 2096 454 2153 tuas,
465 2089 576 2153 Caesar,
588 2088 726 2140 celebrant
736 2091 862 2141 convivia
872 2092 978 2143 laurus:

333 2164 487 2217 exhilarant
495 2167 571 2232 ipsos
582 2165 683 2232 gaudia
693 2171 789 2216 nostra
801 2166 876 2217 deos.

292 2240 422 2293 Vescitur
432 2240 521 2292 omnis
531 2255 614 2306 eques
622 2246 720 2302 tecum,
731 2242 910 2307 populusque,
922 2249 1076 2308 patresque,

333 2321 362 2367 et
371 2316 445 2383 capit
455 2315 608 2365 ambrosias
619 2329 677 2365 cum
691 2314 758 2366 duce
768 2316 856 2366 Roma
866 2316 959 2382 dapes.

294 2389 420 2442 Grandia
429 2389 579 2458 pollicitus,
590 2395 692 2456 quanto
703 2391 810 2441 maiora
820 2389 933 2441 dedisti!
954 2393 956 2395 ’

331 2464 474 2517 Promissa
483 2471 525 2516 est
534 2464 614 2516 nobis
626 2465 759 2531 sportula,
769 2473 845 2516 recta
855 2466 920 2515 dota
931 2470 980 2520 eat.

455 2574 500 2639 51.Ι
514 2571 554 2613 Dc
574 2568 673 2624 phiala
692 2568 833 2611 instantii
852 2570 926 2612 Rufi.

294 2647 364 2710 Quis
374 2647 455 2699 labor
463 2648 492 2699 iu
502 2644 613 2715 phialal
633 2645 709 2697 docti
718 2644 810 2711 Myos,
822 2660 891 2697 anne
901 2644 1044 2712 Myronis?

330 2721 466 2774 Mentoris
475 2720 544 2773 haec
553 2737 648 2772 manus
660 2725 710 2783 est,
722 2735 765 2784 au,
776 2719 926 2786 Polyclete,
936 2719 995 2773 tuat

291 2796 418 2850 Livescit
427 2797 503 2848 nulla
513 2797 630 2864 caligine
641 2795 728 2859 fusca,
739 2811 789 2847 nec
799 2795 859 2846 odit

330 2872 521 2941 exploratores
531 2872 627 2924 nubila
637 2886 729 2922 massa
741 2871 829 2923 focos.
