2750 3450
523 348 735 396 Mcunlnnis

327 478 355 523 et
363 473 472 523 sublata
481 471 600 524 volantis
610 486 700 539 ungue
709 470 829 533 Procnes

325 547 355 598 in
364 546 429 597 nido
439 560 517 613 seges
526 552 568 598 est
576 545 767 607 hirundinin03

327 625 354 672 et
364 636 424 672 cum
432 624 487 691 stet
496 620 555 673 sine
564 621 636 673 falce
646 620 828 686 mentuloque,

327 710 382 746 non
393 700 434 745 est
444 694 558 747 dimidio
569 696 647 747 locus
657 694 769 761 Priapo.

327 768 380 820 Vix
389 768 485 835 implet
494 768 634 821 cochleam
644 775 756 836 peracta
765 769 871 832 messis,
957 765 963 815 ’.

327 850 354 895 et
362 850 478 894 uiustum
489 860 557 896 nuce
567 845 710 897 condimus
723 845 824 910 picata.

327 919 442 981 Errasti,
452 917 538 985 Lupe,
548 918 630 971 litera
639 918 687 970 sed
697 933 764 968 una:

326 1009 389 1045 nam
400 1009 453 1059 quo
464 997 587 1060 tempore
598 993 739 1060 praedium
750 991 861 1054 dedisti,

327 1069 434 1119 mallem
445 1073 475 1118 tu
484 1066 553 1118 mihi
562 1067 705 1135 prandium
715 1067 846 1118 dedisses.

519 1175 552 1216 li.
576 1172 608 1214 ln
627 1170 745 1215 Goliam.

244 1250 354 1312 Quaeris
365 1263 412 1300 cur
421 1247 507 1299 nolim
518 1253 545 1298 te
556 1247 662 1310 ducere,
674 1246 773 1299 Gallal
791 1247 904 1298 Diserta
913 1262 953 1299 cs.

274 1324 361 1390 Saepe
370 1323 562 1374 soloecismum
573 1322 694 1374 mentula
703 1329 798 1374 nostra
807 1321 884 1372 lacit.

435 1421 471 1460 20.
496 1417 534 1459 Ad
553 1415 688 1460 lectorem
709 1429 826 1470 gravem.
860 1470 863 1476 1

237 1494 363 1544 Caesaris
373 1493 486 1560 Augusti
496 1493 625 1555 lascivos,
636 1493 730 1555 livide,
740 1508 833 1544 versus

274 1582 322 1619 sex
332 1567 399 1634 lege,
412 1569 458 1634 qui
467 1568 554 1619 tristis
564 1567 647 1619 verba
657 1567 760 1618 Latina
769 1567 847 1634 legis.

238 1642 318 1704 Quod
328 1641 411 1693 futuit
422 1641 580 1709 Glaphyren
593 1643 736 1705 Antonius,
751 1640 822 1692 hanc
833 1640 901 1693 mihi
912 1657 1031 1709 poenam

274 1716 371 1768 Fulvia
382 1717 532 1780 constitnit,
543 1733 572 1768 se
582 1733 691 1784 quoque
700 1718 742 1769 uti
751 1715 864 1768 futuam.

235 1791 359 1843 Fulviam
371 1807 422 1858 ego
433 1798 463 1842 ut
472 1790 593 1842 futuaml
613 1791 685 1852 Quid
696 1793 721 1843 si
732 1807 774 1842 me
784 1791 895 1843 Manius
907 1799 978 1856 oret,

273 1865 430 1933 paelicem?
448 1864 576 1917 Faciaml
595 1864 619 1916 N
623 1882 656 1916 on
667 1870 744 1931 puto,
754 1867 778 1917 si
789 1868 903 1933 sapiam.

235 1942 289 1991 Ant
298 1940 382 2003 intuo,
394 1946 607 2007 compugnemus,
619 1940 666 1990 ait.
692 1940 773 2002 Quid,
784 1940 857 2007 quod
867 1940 935 1992 mihi
946 1944 1006 1994 vita

274 2016 364 2066 carior
374 2021 416 2065 est
425 2015 487 2079 ipsa
497 2013 633 2065 mentulal
652 2015 732 2081 signa
742 2021 848 2065 canant.

235 2089 362 2140 Absolvis
372 2088 480 2155 lepidos
490 2088 626 2151 nimirum,
637 2089 766 2155 Auguste,
777 2089 896 2153 libellos,

273 2164 321 2230 qui
330 2164 384 2214 scis
394 2162 519 2214 Romana
528 2163 705 2230 simplicitate
715 2163 800 2230 loqui.

513 2262 548 2301 2¹.
571 2258 604 2301 In
624 2258 748 2312 Lydiam.

236 2334 330 2402 Lydia
338 2339 394 2385 tam
405 2334 470 2386 laxs
480 2341 530 2398 est,
541 2336 642 2402 cqultls
652 2349 734 2402 quam
745 2334 821 2385 culus
832 2334 908 2397 aeni;

275 2424 354 2475 quam
367 2410 439 2460 celer
449 2417 545 2477 arguto
557 2410 604 2476 qui
614 2415 696 2461 sonat
706 2423 768 2460 aere
776 2406 901 2473 trochus;

237 2498 317 2551 quam
327 2490 390 2534 rota
399 2485 560 2536 transmisso
570 2484 655 2535 toties
664 2484 770 2534 intacta
779 2489 903 2549 petauro,

274 2572 354 2623 quam
365 2564 442 2609 vetus
453 2574 470 2610 a
481 2574 574 2610 crasso
584 2560 692 2610 calceus
701 2558 771 2609 udm
782 2572 866 2624 aqua3

237 2647 318 2699 quam
329 2646 398 2697 quae
407 2647 472 2685 rara
480 2648 567 2701 vagos
577 2638 736 2709 exsppctant
744 2634 815 2683 retia
825 2632 931 2697 turdos,

275 2720 354 2773 qoam
365 2705 533 2774 Pompeiano
544 2708 606 2759 vela
615 2712 715 2775 negata
727 2706 816 2769 Noto;

237 2795 318 2846 quam
330 2795 398 2847 quae
409 2781 442 2832 de
452 2779 589 2848 phthisico
599 2782 679 2850 lapsa
689 2788 731 2834 est
740 2781 849 2832 armilla
859 2782 987 2849 meede,

271 2854 372 2908 culcita
382 2854 542 2911 Leuconico
553 2870 636 2926 quam
644 2856 760 2909 sinuata
767 2871 834 2919 sung
