2750 3450
413 398 729 460 nurcnnuuniuu
745 412 815 459 mn.
834 413 863 458 v.
986 414 1036 462 nn

496 535 516 574 9.
540 531 571 573 In
591 531 785 584 Symmachum.

238 609 437 678 Languebam:
452 608 500 660 sed
510 612 540 659 tn
551 608 697 658 comitatus
708 609 831 673 protinus
845 611 932 661 adme

280 686 382 738 venisti
393 689 506 746 centum,
519 680 690 748 symmache,
704 683 854 748 discipulis.

240 761 360 812 Centum
369 774 411 810 me
422 759 536 824 tetigere
546 771 641 807 manus
651 757 786 823 Aquilone
796 759 911 825 gelatae.

281 834 307 886 N
310 851 346 886 on
355 832 439 885 habui
448 833 559 894 febrem,
571 830 740 897 Symmacho,
754 848 825 883 nunc
834 832 931 884 habeo.

358 945 392 984 10.
415 941 455 982 Ad
469 939 615 993 Regulum,
638 940 669 982 de
684 940 757 982 fama
771 950 924 995 poetarum.

242 1035 314 1088 Esse
324 1032 454 1102 quidhoc
464 1035 561 1096 dicam,
574 1034 644 1084 vivis
655 1034 729 1099 quod
739 1032 813 1085 fama
823 1043 945 1102 negatur,
1015 1072 1018 1079 ,

283 1116 311 1162 et
320 1125 370 1161 sua
381 1110 455 1176 qnod
464 1125 541 1160 rarus
551 1117 675 1174 tempora
685 1109 772 1160 lector
782 1109 871 1160 amati

245 1185 285 1236 Hi
293 1189 356 1237 sunt
365 1183 485 1235 invidiae
495 1183 630 1245 ninnium,
640 1181 752 1250 Regulo,
762 1200 861 1247 mores,

284 1257 421 1325 praeferat
430 1258 558 1324 antiquos
568 1272 674 1322 semper
683 1262 714 1307 ut
721 1258 773 1308 illa
781 1260 869 1310 novis.

247 1334 293 1385 Sic
302 1338 419 1384 veterem
429 1333 531 1398 ingrati
541 1330 667 1398 Pompeii
678 1334 833 1397 quaerimus
842 1335 978 1395 umbram;

283 1409 324 1460 sic
333 1406 447 1457 landant
457 1406 548 1457 Catuli
557 1408 627 1457 ⁴vilia
635 1407 738 1472 templa
747 1423 833 1458 senes.

248 1483 350 1534 Ennius
361 1486 403 1533 est
411 1482 497 1532 lectus
508 1482 585 1532 salvo
595 1481 656 1544 tibi,
667 1480 763 1544 Roma,
773 1481 901 1546 Marone3

282 1560 310 1610 et
319 1572 370 1610 sua
380 1557 499 1608 riserunt
508 1555 600 1607 secula
609 1554 792 1607 Maeonidem.

250 1631 319 1684 Rara
330 1639 463 1684 coronato
474 1631 599 1697 plausere
609 1628 718 1681 theatra
730 1630 895 1688 Menandros
944 1679 946 1684 .

283 1713 364 1760 norat
374 1705 511 1758 Nasonem
523 1705 584 1757 sola
595 1704 716 1756 Corinna
729 1720 814 1756 sunm.

249 1782 303 1836 Vos
312 1789 405 1835 tamen
416 1798 432 1833 o
443 1781 531 1833 nostri
540 1797 574 1831 ne
584 1780 712 1831 festinate
721 1780 822 1831 libelli:

281 1861 305 1911 si
315 1864 381 1927 post
390 1856 449 1908 fata
458 1857 532 1908 venit
541 1856 640 1923 gloria,
654 1871 710 1906 non
721 1869 847 1920 propero.

533 1963 566 2003 li.
591 1960 630 2002 De
648 1957 749 2002 Stella.

246 2053 450 2122 Sardonychas,
462 2053 631 2121 smaragdos,
643 2053 813 2115 adamantes,
822 2050 946 2120 iaspidas
956 2068 1010 2102 uno

279 2136 375 2184 versat
383 2130 412 2179 in
423 2128 539 2179 articulo
550 2127 644 2191 Stella,
659 2127 766 2190 Severe,
778 2143 861 2178 meus.

240 2197 349 2259 Multas
359 2205 389 2255 in
400 2204 502 2271 digitis,
514 2201 604 2269 plnres
615 2204 643 2253 in
655 2203 773 2254 carmine
783 2217 903 2269 gemmas

278 2280 419 2333 invenies:
433 2278 498 2328 inde
508 2283 549 2328 cst
559 2275 635 2340 haec,
645 2284 721 2343 puto,
733 2277 807 2328 culta
816 2292 920 2327 manns.

536 2386 568 2426 12.
593 2383 632 2425 De
652 2383 752 2425 eodem.

337 2477 421 2539 Quod
431 2477 557 2529 nutantia
565 2475 655 2528 fronte
664 2477 800 2542 perticata

337 2557 429 2621 gestat
440 2552 562 2618 pondera
572 2549 724 2602 Masthlion
734 2551 876 2616 superbus,

337 2632 387 2678 aut
395 2626 507 2694 grandis
517 2625 602 2677 Linus
614 2626 739 2677 omnibns
754 2625 864 2675 lacertis

336 2707 441 2768 septem
453 2701 527 2767 quod
537 2715 636 2766 pueros
645 2700 728 2762 levat,
737 2700 781 2751 vel
792 2704 869 2763 octo;

336 2792 382 2828 res
393 2791 447 2826 non
459 2775 577 2826 difficilis
586 2773 654 2827 mihi
666 2775 790 2829 videturt

329 2863 385 2899 nno
395 2863 456 2897 cum
466 2849 565 2917 digito,
579 2852 621 2905 vel
633 2850 700 2921 hoc,
713 2855 762 2909 vel
770 2855 842 2922 illo,

309 2924 412 2984 ponet
419 2920 510 2977 Stella
519 2941 602 2983 meus
613 2930 720 2989 decem
733 2935 868 3007 puellas.
