2750 3450
383 379 705 433 nidummalum
732 385 800 433 llll.
822 386 879 434 ΧΠ.
980 381 1030 436 330

328 506 421 558 multis
431 507 551 558 mentula
559 508 680 559 millibus
694 508 828 560 redemta:

330 580 378 632 sed
388 597 438 633 neo
448 582 562 633 vocibus
572 583 692 634 excitata
704 583 822 647 blandis,

327 655 407 707 molli
417 657 516 723 pollice
526 672 577 708 neo
589 664 687 724 rogata
698 660 793 726 surgit.

330 728 374 781 Sit
381 730 490 781 tandem
501 732 598 798 pudor,
609 740 657 782 aut
665 747 759 783 eamus
768 734 797 784 in
806 735 858 784 ius.

328 803 391 857 Non
402 810 444 857 est
452 804 521 856 haec
529 811 585 869 tna,
598 806 697 858 Basse:
711 808 868 860 vendidisti.

515 910 613 957 00.,Δ1
633 912 748 956 Baetin.

238 986 331 1040 Baetis
342 985 469 1039 olivifera
479 988 580 1039 crinem
590 989 716 1040 redimite
727 1003 839 1051 corona,

273 1076 358 1115 aurea
369 1061 416 1128 qui
425 1063 521 1115 nitidis
533 1063 635 1114 vellera
644 1063 728 1129 tingis
739 1064 830 1129 aderisi
893 1093 895 1096 >

237 1137 544 1206 quemBromius,que1n
549 1137 642 1189 Pallas
653 1142 739 1200 amat3
750 1139 794 1191 eui
802 1143 1027 1206 rectorequarum

272 1212 372 1263 Albula
381 1212 538 1279 navigerum
549 1227 597 1278 per
606 1211 677 1263 freta
687 1213 784 1279 pandit
792 1213 859 1264 iter:

239 1286 373 1338 ominibus
383 1287 465 1337 laetis
474 1293 578 1338 vestras
589 1286 738 1339 instantius
751 1303 814 1339 oras

272 1362 368 1423 intret;
384 1365 411 1411 et
420 1357 593 1428 hic'populis,
602 1367 633 1413 ut
643 1364 728 1428 prior,
739 1377 824 1412 annus
834 1366 890 1412 eut.

237 1434 299 1488 Non
309 1436 429 1503 ignorat,
441 1451 509 1487 onus
520 1438 593 1503 quod
604 1438 649 1500 sit,
659 1437 804 1488 succedere
813 1436 919 1488 Macro.

275 1509 330 1572 oui
340 1526 390 1562 sua
399 1512 509 1562 metitur
517 1512 649 1578 pondera,
659 1511 731 1563 ferre
739 1517 839 1579 potest.

491 1619 538 1659 100.
561 1614 593 1659 In
611 1616 775 1659 effrontem.

238 1691 275 1745 Os
286 1693 370 1757 atavi,
380 1693 466 1760 patris
475 1708 580 1757 nasum,
594 1693 648 1745 duo
658 1691 762 1744 lumina
771 1693 867 1760 patris,

274 1773 301 1820 et
310 1768 405 1820 matris
416 1774 509 1836 gestus
519 1769 591 1822 diois
599 1766 699 1819 habere
708 1773 781 1819 tuae.

238 1842 303 1894 curn
315 1842 543 1910 referamnus,
558 1843 715 1909 nullamque
724 1843 753 1892 in
763 1857 878 1909 corpore
889 1847 995 1909 partem

274 1919 411 1981 mentiris3
424 1916 552 1982 frontem,
562 1918 606 1969 dic
615 1916 692 1982 mihi,
703 1918 779 1968 euius
788 1915 889 1969 habesl

507 2027 554 2066 101.
577 2023 616 2065 sd
636 2023 761 2066 Mettum.

239 2098 293 2161 oui
301 2104 384 2167 negat
393 2113 453 2151 esse
464 2099 539 2151 domi
548 2114 589 2162 se,
595 2105 660 2151 tuno
671 2115 730 2151 oum
741 2099 837 2150 limina
846 2099 950 2166 pulses,

274 2174 340 2240 quid
351 2173 434 2237 dieat,
445 2172 550 2226 neseisl
568 2174 696 2237 Dormio,
705 2174 803 2238 Matte,
811 2173 873 2225 tibi.

498 2282 545 2321 loa.
570 2278 609 2320 Ad
629 2277 768 2321 Milonem.

238 2354 322 2418 Tura,
332 2355 422 2421 piper,
431 2359 529 2416 vestes,
540 2359 690 2421 argeutum,
701 2353 795 2419 pallia,
804 2368 937 2421 gemmas,

274 2429 400 2493 vendere,
410 2427 490 2492 Milo,
500 2428 583 2490 soles,
594 2443 653 2479 eum
665 2428 764 2495 quibus
773 2434 862 2479 emtor
872 2427 940 2481 abit.

239 2502 370 2571 coniugis
379 2504 477 2555 utilior
485 2517 561 2554 merx
571 2507 620 2565 est,
630 2517 709 2570 quae,
718 2501 829 2553 vendita
838 2517 932 2570 saepe,

276 2580 435 2631 vendentem
450 2592 588 2644 nunquam
597 2576 699 2628 deserit
708 2581 757 2628 aut
769 2578 876 2629 minuit.

538 2772 729 2809 -sseu-
767 2761 769 2766 '
