<?xml version="1.0" encoding="UTF-8"?>
<!DOCTYPE html PUBLIC "-//W3C//DTD XHTML 1.0 Transitional//EN"
    "http://www.w3.org/TR/xhtml1/DTD/xhtml1-transitional.dtd">
<html xmlns="http://www.w3.org/1999/xhtml" xml:lang="en" lang="en">
 <head>
  <title>
</title>
<meta http-equiv="Content-Type" content="text/html;charset=utf-8" />
  <meta name='ocr-system' content='tesseract 3.04.00' />
  <meta name='ocr-capabilities' content='ocr_page ocr_carea ocr_par ocr_line ocrx_word'/>
</head>
<body>
  <div class='ocr_page' id='page_1' title='image "./mvaleriimartial03martgoog_0116.png"; bbox 0 0 2750 3450; ppageno 0'>
   <div class='ocr_carea' id='block_1_1' title="bbox 404 419 1040 477">
    <p class='ocr_par' dir='ltr' id='par_1_1' title="bbox 404 419 1040 477">
     <span class='ocr_line' id='line_1_1' title="bbox 404 419 1040 477; baseline 0.006 -13"><span class='ocrx_word' id='word_1_1' title='bbox 404 419 722 477; x_wconf 71' lang='lat' dir='ltr'><strong>arleadmmhrom</strong></span> <span class='ocrx_word' id='word_1_2' title='bbox 749 421 820 467; x_wconf 80' lang='grc' dir='ltr'><strong>ΗΒ.</strong></span> <span class='ocrx_word' id='word_1_3' title='bbox 848 421 890 467; x_wconf 87' lang='lat' dir='ltr'><strong>1v.</strong></span> <span class='ocrx_word' id='word_1_4' title='bbox 991 419 1040 468; x_wconf 75' lang='lat' dir='ltr'><strong>lm</strong></span> 
     </span>
    </p>
   </div>
   <div class='ocr_carea' id='block_1_2' title="bbox 257 538 1060 2925">
    <p class='ocr_par' dir='ltr' id='par_1_2' title="bbox 257 538 1060 2925">
     <span class='ocr_line' id='line_1_2' title="bbox 363 538 896 610; baseline 0.002 -18"><span class='ocrx_word' id='word_1_5' title='bbox 363 547 393 592; x_wconf 87' lang='lat' dir='ltr'><strong>et</strong></span> <span class='ocrx_word' id='word_1_6' title='bbox 403 538 579 608; x_wconf 69' lang='lat' dir='ltr'><strong>quodeunque</strong></span> <span class='ocrx_word' id='word_1_7' title='bbox 589 543 661 594; x_wconf 82' lang='lat' dir='ltr'><strong>iacet</strong></span> <span class='ocrx_word' id='word_1_8' title='bbox 669 543 719 593; x_wconf 87' lang='lat' dir='ltr'><strong>sub</strong></span> <span class='ocrx_word' id='word_1_9' title='bbox 728 544 793 593; x_wconf 90' lang='lat' dir='ltr'><strong>urbe</strong></span> <span class='ocrx_word' id='word_1_10' title='bbox 801 541 896 610; x_wconf 81' lang='lat' dir='ltr'><strong>frigus,</strong></span> 
     </span>
     <span class='ocr_line' id='line_1_3' title="bbox 364 615 885 683; baseline 0.006 -16"><span class='ocrx_word' id='word_1_11' title='bbox 364 615 482 667; x_wconf 78' lang='lat' dir='ltr'><strong>Fidenas</strong></span> <span class='ocrx_word' id='word_1_12' title='bbox 493 622 604 679; x_wconf 85' lang='lat' dir='ltr'><strong>veteres,</strong></span> <span class='ocrx_word' id='word_1_13' title='bbox 613 617 760 683; x_wconf 85' lang='lat' dir='ltr'><strong>brevesque</strong></span> <span class='ocrx_word' id='word_1_14' title='bbox 769 616 885 680; x_wconf 81' lang='lat' dir='ltr'><strong>Rubras,</strong></span> 
     </span>
     <span class='ocr_line' id='line_1_4' title="bbox 365 691 830 757; baseline 0 -15"><span class='ocrx_word' id='word_1_15' title='bbox 365 696 393 742; x_wconf 88' lang='lat' dir='ltr'><strong>et</strong></span> <span class='ocrx_word' id='word_1_16' title='bbox 402 692 475 757; x_wconf 90' lang='lat' dir='ltr'><strong>quod</strong></span> <span class='ocrx_word' id='word_1_17' title='bbox 485 691 608 757; x_wconf 78' lang='lat' dir='ltr'><strong>virgineo</strong></span> <span class='ocrx_word' id='word_1_18' title='bbox 619 706 714 742; x_wconf 87' lang='lat' dir='ltr'><strong>cruore</strong></span> <span class='ocrx_word' id='word_1_19' title='bbox 722 691 830 757; x_wconf 85' lang='lat' dir='ltr'><strong>gaudet,</strong></span> 
     </span>
     <span class='ocr_line' id='line_1_5' title="bbox 365 765 892 831; baseline -0.002 -16"><span class='ocrx_word' id='word_1_20' title='bbox 365 765 458 815; x_wconf 79' lang='lat' dir='ltr'><strong>Annae</strong></span> <span class='ocrx_word' id='word_1_21' title='bbox 468 765 627 831; x_wconf 88' lang='lat' dir='ltr'><strong>pomiferum</strong></span> <span class='ocrx_word' id='word_1_22' title='bbox 638 781 732 816; x_wconf 89' lang='lat' dir='ltr'><strong>nemus</strong></span> <span class='ocrx_word' id='word_1_23' title='bbox 744 765 892 816; x_wconf 75' lang='lat' dir='ltr'><strong>Perennae.</strong></span> 
     </span>
     <span class='ocr_line' id='line_1_6' title="bbox 365 839 785 906; baseline 0 -17"><span class='ocrx_word' id='word_1_24' title='bbox 365 839 426 889; x_wconf 85' lang='lat' dir='ltr'><strong>lllio</strong></span> <span class='ocrx_word' id='word_1_25' title='bbox 433 839 594 901; x_wconf 87' lang='lat' dir='ltr'><strong>Flaminiae,</strong></span> <span class='ocrx_word' id='word_1_26' title='bbox 609 839 785 906; x_wconf 82' lang='lat' dir='ltr'><strong>Salariaeque</strong></span> 
     </span>
     <span class='ocr_line' id='line_1_7' title="bbox 365 914 812 980; baseline 0 -17"><span class='ocrx_word' id='word_1_27' title='bbox 365 917 486 980; x_wconf 78' lang='lat' dir='ltr'><strong>gestator</strong></span> <span class='ocrx_word' id='word_1_28' title='bbox 496 918 579 978; x_wconf 88' lang='lat' dir='ltr'><strong>patet,</strong></span> <span class='ocrx_word' id='word_1_29' title='bbox 590 914 686 965; x_wconf 88' lang='lat' dir='ltr'><strong>essedo</strong></span> <span class='ocrx_word' id='word_1_30' title='bbox 696 918 812 975; x_wconf 85' lang='lat' dir='ltr'><strong>tacente,</strong></span> 
     </span>
     <span class='ocr_line' id='line_1_8' title="bbox 365 987 865 1049; baseline -0.002 -11"><span class='ocrx_word' id='word_1_31' title='bbox 365 1002 398 1038; x_wconf 87' lang='lat' dir='ltr'><strong>ne</strong></span> <span class='ocrx_word' id='word_1_32' title='bbox 407 987 508 1038; x_wconf 90' lang='lat' dir='ltr'><strong>blando</strong></span> <span class='ocrx_word' id='word_1_33' title='bbox 518 991 580 1038; x_wconf 89' lang='lat' dir='ltr'><strong>rota</strong></span> <span class='ocrx_word' id='word_1_34' title='bbox 590 989 626 1038; x_wconf 91' lang='lat' dir='ltr'><strong>sit</strong></span> <span class='ocrx_word' id='word_1_35' title='bbox 636 989 751 1038; x_wconf 78' lang='lat' dir='ltr'><strong>molesta</strong></span> <span class='ocrx_word' id='word_1_36' title='bbox 760 1002 865 1049; x_wconf 88' lang='lat' dir='ltr'><strong>somno,</strong></span> 
     </span>
     <span class='ocr_line' id='line_1_9' title="bbox 366 1062 933 1128; baseline 0 -17"><span class='ocrx_word' id='word_1_37' title='bbox 366 1076 444 1127; x_wconf 88' lang='lat' dir='ltr'><strong>quem</strong></span> <span class='ocrx_word' id='word_1_38' title='bbox 454 1077 504 1113; x_wconf 88' lang='lat' dir='ltr'><strong>neo</strong></span> <span class='ocrx_word' id='word_1_39' title='bbox 512 1074 634 1128; x_wconf 83' lang='lat' dir='ltr'>rumpere</span> <span class='ocrx_word' id='word_1_40' title='bbox 643 1063 780 1113; x_wconf 86' lang='lat' dir='ltr'><strong>nauticum</strong></span> <span class='ocrx_word' id='word_1_41' title='bbox 790 1062 933 1125; x_wconf 83' lang='lat' dir='ltr'><strong>celeusma,</strong></span> 
     </span>
     <span class='ocr_line' id='line_1_10' title="bbox 365 1135 824 1198; baseline -0.002 -11"><span class='ocrx_word' id='word_1_42' title='bbox 365 1151 415 1187; x_wconf 85' lang='lat' dir='ltr'><strong>neo</strong></span> <span class='ocrx_word' id='word_1_43' title='bbox 424 1136 609 1187; x_wconf 87' lang='lat' dir='ltr'><strong>elamorvalet</strong></span> <span class='ocrx_word' id='word_1_44' title='bbox 621 1135 824 1198; x_wconf 69' lang='lat' dir='ltr'><strong>helciariorum</strong></span> 
     </span>
     <span class='ocr_line' id='line_1_11' title="bbox 366 1210 934 1276; baseline 0.002 -16"><span class='ocrx_word' id='word_1_45' title='bbox 366 1225 425 1269; x_wconf 81' lang='lat' dir='ltr'><strong>eum</strong></span> <span class='ocrx_word' id='word_1_46' title='bbox 435 1211 534 1261; x_wconf 82' lang='lat' dir='ltr'><strong>uittam</strong></span> <span class='ocrx_word' id='word_1_47' title='bbox 544 1226 628 1276; x_wconf 84' lang='lat' dir='ltr'>prope</span> <span class='ocrx_word' id='word_1_48' title='bbox 637 1210 764 1273; x_wconf 84' lang='lat' dir='ltr'><strong>Mulvius,</strong></span> <span class='ocrx_word' id='word_1_49' title='bbox 774 1225 934 1276; x_wconf 80' lang='lat' dir='ltr'><strong>sacrumque</strong></span> 
     </span>
     <span class='ocr_line' id='line_1_12' title="bbox 364 1283 878 1351; baseline 0.002 -18"><span class='ocrx_word' id='word_1_50' title='bbox 364 1283 458 1350; x_wconf 81' lang='lat' dir='ltr'><strong>lapsae</strong></span> <span class='ocrx_word' id='word_1_51' title='bbox 468 1300 516 1351; x_wconf 89' lang='lat' dir='ltr'><strong>per</strong></span> <span class='ocrx_word' id='word_1_52' title='bbox 525 1286 645 1336; x_wconf 84' lang='lat' dir='ltr'>Tiberim</span> <span class='ocrx_word' id='word_1_53' title='bbox 659 1286 752 1336; x_wconf 90' lang='lat' dir='ltr'><strong>volent</strong></span> <span class='ocrx_word' id='word_1_54' title='bbox 761 1286 878 1335; x_wconf 83' lang='lat' dir='ltr'><strong>carinae.</strong></span> 
     </span>
     <span class='ocr_line' id='line_1_13' title="bbox 364 1357 955 1425; baseline 0.002 -16"><span class='ocrx_word' id='word_1_55' title='bbox 364 1357 428 1409; x_wconf 82' lang='lat' dir='ltr'><strong>Hoc</strong></span> <span class='ocrx_word' id='word_1_56' title='bbox 437 1374 482 1410; x_wconf 88' lang='lat' dir='ltr'><strong>rus</strong></span> <span class='ocrx_word' id='word_1_57' title='bbox 494 1362 553 1421; x_wconf 80' lang='lat' dir='ltr'><strong>(seu</strong></span> <span class='ocrx_word' id='word_1_58' title='bbox 562 1361 653 1425; x_wconf 85' lang='lat' dir='ltr'><strong>potius</strong></span> <span class='ocrx_word' id='word_1_59' title='bbox 664 1360 760 1411; x_wconf 87' lang='lat' dir='ltr'><strong>domus</strong></span> <span class='ocrx_word' id='word_1_60' title='bbox 769 1360 893 1410; x_wconf 81' lang='lat' dir='ltr'><strong>vocanda</strong></span> <span class='ocrx_word' id='word_1_61' title='bbox 902 1362 955 1423; x_wconf 76' lang='lat' dir='ltr'><strong>ert)</strong></span> 
     </span>
     <span class='ocr_line' id='line_1_14' title="bbox 365 1434 904 1499; baseline 0.002 -16"><span class='ocrx_word' id='word_1_62' title='bbox 365 1434 535 1484; x_wconf 83' lang='lat' dir='ltr'><strong>commendat</strong></span> <span class='ocrx_word' id='word_1_63' title='bbox 545 1434 682 1496; x_wconf 87' lang='lat' dir='ltr'><strong>dominus;</strong></span> <span class='ocrx_word' id='word_1_64' title='bbox 697 1441 771 1485; x_wconf 88' lang='lat' dir='ltr'><strong>tuam</strong></span> <span class='ocrx_word' id='word_1_65' title='bbox 783 1434 904 1499; x_wconf 83' lang='lat' dir='ltr'><strong>putabis:</strong></span> 
     </span>
     <span class='ocr_line' id='line_1_15' title="bbox 363 1508 856 1574; baseline 0.004 -18"><span class='ocrx_word' id='word_1_66' title='bbox 363 1513 419 1557; x_wconf 87' lang='lat' dir='ltr'><strong>tam</strong></span> <span class='ocrx_word' id='word_1_67' title='bbox 430 1523 485 1558; x_wconf 91' lang='lat' dir='ltr'><strong>uon</strong></span> <span class='ocrx_word' id='word_1_68' title='bbox 494 1508 595 1570; x_wconf 89' lang='lat' dir='ltr'><strong>invida,</strong></span> <span class='ocrx_word' id='word_1_69' title='bbox 604 1513 715 1574; x_wconf 88' lang='lat' dir='ltr'><strong>tamque</strong></span> <span class='ocrx_word' id='word_1_70' title='bbox 725 1508 856 1571; x_wconf 88' lang='lat' dir='ltr'><strong>liberalis,</strong></span> 
     </span>
     <span class='ocr_line' id='line_1_16' title="bbox 364 1580 792 1648; baseline 0 -17"><span class='ocrx_word' id='word_1_71' title='bbox 364 1587 420 1631; x_wconf 89' lang='lat' dir='ltr'><strong>tam</strong></span> <span class='ocrx_word' id='word_1_72' title='bbox 431 1582 502 1632; x_wconf 87' lang='lat' dir='ltr'><strong>comi</strong></span> <span class='ocrx_word' id='word_1_73' title='bbox 512 1588 587 1647; x_wconf 86' lang='lat' dir='ltr'><strong>potet</strong></span> <span class='ocrx_word' id='word_1_74' title='bbox 595 1580 792 1648; x_wconf 82' lang='lat' dir='ltr'><strong>hospitalitate.</strong></span> 
     </span>
     <span class='ocr_line' id='line_1_17' title="bbox 365 1655 782 1723; baseline 0.002 -17"><span class='ocrx_word' id='word_1_75' title='bbox 365 1655 466 1707; x_wconf 79' lang='lat' dir='ltr'><strong>Credas</strong></span> <span class='ocrx_word' id='word_1_76' title='bbox 475 1656 582 1707; x_wconf 80' lang='lat' dir='ltr'><strong>Alcinoi</strong></span> <span class='ocrx_word' id='word_1_77' title='bbox 592 1657 653 1723; x_wconf 88' lang='lat' dir='ltr'><strong>pios</strong></span> <span class='ocrx_word' id='word_1_78' title='bbox 662 1662 782 1723; x_wconf 89' lang='lat' dir='ltr'><strong>penates,</strong></span> 
     </span>
     <span class='ocr_line' id='line_1_18' title="bbox 365 1727 836 1783; baseline -0.002 -2"><span class='ocrx_word' id='word_1_79' title='bbox 365 1729 487 1781; x_wconf 74' lang='lat' dir='ltr'><strong>intincti</strong></span> <span class='ocrx_word' id='word_1_80' title='bbox 497 1732 579 1782; x_wconf 93' lang='lat' dir='ltr'><strong>modo</strong></span> <span class='ocrx_word' id='word_1_81' title='bbox 590 1732 682 1782; x_wconf 87' lang='lat' dir='ltr'><strong>divitis</strong></span> <span class='ocrx_word' id='word_1_82' title='bbox 691 1727 836 1783; x_wconf 80' lang='lat' dir='ltr'>Molorchi.</span> 
     </span>
     <span class='ocr_line' id='line_1_19' title="bbox 365 1804 879 1871; baseline 0.004 -18"><span class='ocrx_word' id='word_1_83' title='bbox 365 1804 422 1857; x_wconf 91' lang='lat' dir='ltr'><strong>Vos</strong></span> <span class='ocrx_word' id='word_1_84' title='bbox 432 1821 503 1856; x_wconf 86' lang='lat' dir='ltr'><strong>nuno</strong></span> <span class='ocrx_word' id='word_1_85' title='bbox 516 1806 608 1857; x_wconf 87' lang='lat' dir='ltr'><strong>omnio</strong></span> <span class='ocrx_word' id='word_1_86' title='bbox 617 1821 702 1871; x_wconf 88' lang='lat' dir='ltr'><strong>parva</strong></span> <span class='ocrx_word' id='word_1_87' title='bbox 712 1806 759 1871; x_wconf 90' lang='lat' dir='ltr'><strong>qui</strong></span> <span class='ocrx_word' id='word_1_88' title='bbox 768 1805 879 1871; x_wconf 84' lang='lat' dir='ltr'><strong>putatis,</strong></span> 
     </span>
     <span class='ocr_line' id='line_1_20' title="bbox 366 1880 812 1956; baseline 0 -26"><span class='ocrx_word' id='word_1_89' title='bbox 366 1885 476 1931; x_wconf 85' lang='lat' dir='ltr'><strong>centeno</strong></span> <span class='ocrx_word' id='word_1_90' title='bbox 487 1880 606 1946; x_wconf 80' lang='lat' dir='ltr'><strong>gelidum</strong></span> <span class='ocrx_word' id='word_1_91' title='bbox 615 1880 708 1956; x_wconf 71' lang='lat' dir='ltr'><strong>ligone</strong></span> <span class='ocrx_word' id='word_1_92' title='bbox 718 1880 812 1942; x_wconf 85' lang='lat' dir='ltr'>Tibur,</span> 
     </span>
     <span class='ocr_line' id='line_1_21' title="bbox 364 1954 901 2021; baseline -0.002 -16"><span class='ocrx_word' id='word_1_93' title='bbox 364 1954 407 2005; x_wconf 88' lang='lat' dir='ltr'><strong>vel</strong></span> <span class='ocrx_word' id='word_1_94' title='bbox 417 1954 563 2005; x_wconf 83' lang='lat' dir='ltr'><strong>Praeneste</strong></span> <span class='ocrx_word' id='word_1_95' title='bbox 573 1954 690 2018; x_wconf 90' lang='lat' dir='ltr'><strong>domate,</strong></span> <span class='ocrx_word' id='word_1_96' title='bbox 704 1954 901 2021; x_wconf 83' lang='lat' dir='ltr'><strong>pendulamque</strong></span> 
     </span>
     <span class='ocr_line' id='line_1_22' title="bbox 364 2025 749 2080; baseline -0.003 -1"><span class='ocrx_word' id='word_1_97' title='bbox 364 2028 411 2079; x_wconf 89' lang='lat' dir='ltr'><strong>uni</strong></span> <span class='ocrx_word' id='word_1_98' title='bbox 422 2029 511 2080; x_wconf 91' lang='lat' dir='ltr'><strong>dedite</strong></span> <span class='ocrx_word' id='word_1_99' title='bbox 523 2025 624 2079; x_wconf 88' lang='lat' dir='ltr'><strong>Setiam</strong></span> <span class='ocrx_word' id='word_1_100' title='bbox 635 2029 749 2080; x_wconf 71' lang='lat' dir='ltr'><strong>colonos</strong></span> 
     </span>
     <span class='ocr_line' id='line_1_23' title="bbox 365 2102 867 2171; baseline -0.002 -17"><span class='ocrx_word' id='word_1_101' title='bbox 365 2102 436 2167; x_wconf 89' lang='lat' dir='ltr'><strong>dum,</strong></span> <span class='ocrx_word' id='word_1_102' title='bbox 446 2119 489 2154; x_wconf 88' lang='lat' dir='ltr'><strong>mo</strong></span> <span class='ocrx_word' id='word_1_103' title='bbox 497 2102 596 2166; x_wconf 85' lang='lat' dir='ltr'><strong>iudice,</strong></span> <span class='ocrx_word' id='word_1_104' title='bbox 610 2103 797 2171; x_wconf 83' lang='lat' dir='ltr'><strong>praeferantur</strong></span> <span class='ocrx_word' id='word_1_105' title='bbox 805 2102 867 2154; x_wconf 81' lang='lat' dir='ltr'><strong>istis</strong></span> 
     </span>
     <span class='ocr_line' id='line_1_24' title="bbox 258 2176 774 2250; baseline 0 -24"><span class='ocrx_word' id='word_1_106' title='bbox 258 2243 263 2250; x_wconf 88' lang='lat'>.</span> <span class='ocrx_word' id='word_1_107' title='bbox 364 2176 417 2229; x_wconf 91' lang='lat' dir='ltr'><strong>luli</strong></span> <span class='ocrx_word' id='word_1_108' title='bbox 425 2178 521 2245; x_wconf 85' lang='lat' dir='ltr'><strong>iugero</strong></span> <span class='ocrx_word' id='word_1_109' title='bbox 531 2193 618 2244; x_wconf 89' lang='lat' dir='ltr'><strong>pauca</strong></span> <span class='ocrx_word' id='word_1_110' title='bbox 628 2177 774 2229; x_wconf 81' lang='lat' dir='ltr'><strong>Martialis.</strong></span> 
     </span>
     <span class='ocr_line' id='line_1_25' title="bbox 374 2263 775 2307; baseline -0.005 1"><span class='ocrx_word' id='word_1_111' title='bbox 374 2273 377 2278; x_wconf 74' lang='grc'><strong><em>’</em></strong></span> <span class='ocrx_word' id='word_1_112' title='bbox 517 2268 551 2307; x_wconf 81' lang='grc'><strong>65.</strong></span> <span class='ocrx_word' id='word_1_113' title='bbox 576 2266 615 2307; x_wconf 86' lang='lat' dir='ltr'><strong>De</strong></span> <span class='ocrx_word' id='word_1_114' title='bbox 634 2263 775 2307; x_wconf 78' lang='lat' dir='ltr'><strong>Philaeni.</strong></span> 
     </span>
     <span class='ocr_line' id='line_1_26' title="bbox 329 2330 887 2400; baseline -0.005 -16"><span class='ocrx_word' id='word_1_115' title='bbox 329 2334 415 2385; x_wconf 84' lang='lat' dir='ltr'><strong>Oculo</strong></span> <span class='ocrx_word' id='word_1_116' title='bbox 426 2330 564 2384; x_wconf 80' lang='lat' dir='ltr'><strong>Philaenis</strong></span> <span class='ocrx_word' id='word_1_117' title='bbox 574 2348 679 2399; x_wconf 84' lang='lat' dir='ltr'><strong>semper</strong></span> <span class='ocrx_word' id='word_1_118' title='bbox 688 2334 774 2384; x_wconf 87' lang='lat' dir='ltr'><strong>altero</strong></span> <span class='ocrx_word' id='word_1_119' title='bbox 789 2333 887 2400; x_wconf 85' lang='lat' dir='ltr'><strong>plorat.</strong></span> 
     </span>
     <span class='ocr_line' id='line_1_27' title="bbox 329 2405 969 2473; baseline -0.005 -13"><span class='ocrx_word' id='word_1_120' title='bbox 329 2407 390 2469; x_wconf 75' lang='lat' dir='ltr'><strong>Quo</strong></span> <span class='ocrx_word' id='word_1_121' title='bbox 401 2408 449 2458; x_wconf 88' lang='lat' dir='ltr'><strong>liat</strong></span> <span class='ocrx_word' id='word_1_122' title='bbox 458 2408 540 2469; x_wconf 84' lang='lat' dir='ltr'><strong>istud,</strong></span> <span class='ocrx_word' id='word_1_123' title='bbox 551 2408 691 2473; x_wconf 84' lang='lat' dir='ltr'><strong>qnaeritis,</strong></span> <span class='ocrx_word' id='word_1_124' title='bbox 700 2405 800 2459; x_wconf 76' lang='lat' dir='ltr'><strong>modot</strong></span> <span class='ocrx_word' id='word_1_125' title='bbox 819 2406 910 2457; x_wconf 82' lang='lat' dir='ltr'><strong>Lusca</strong></span> <span class='ocrx_word' id='word_1_126' title='bbox 918 2412 969 2458; x_wconf 82' lang='lat' dir='ltr'><strong>eat.</strong></span> 
     </span>
     <span class='ocr_line' id='line_1_28' title="bbox 353 2489 755 2537; baseline -0.015 2"><span class='ocrx_word' id='word_1_127' title='bbox 353 2522 356 2531; x_wconf 90' lang='lat'>·</span> <span class='ocrx_word' id='word_1_128' title='bbox 535 2497 569 2537; x_wconf 79' lang='lat' dir='ltr'><strong>id.</strong></span> <span class='ocrx_word' id='word_1_129' title='bbox 592 2494 632 2535; x_wconf 78' lang='lat' dir='ltr'><strong>Ad</strong></span> <span class='ocrx_word' id='word_1_130' title='bbox 650 2489 755 2534; x_wconf 77' lang='lat' dir='ltr'><strong>Linum.</strong></span> 
     </span>
     <span class='ocr_line' id='line_1_29' title="bbox 257 2552 861 2623; baseline -0.008 -17"><span class='ocrx_word' id='word_1_131' title='bbox 257 2555 342 2623; x_wconf 79' lang='lat' dir='ltr'><strong>Egisti</strong></span> <span class='ocrx_word' id='word_1_132' title='bbox 352 2555 435 2605; x_wconf 88' lang='lat' dir='ltr'><strong>vitam</strong></span> <span class='ocrx_word' id='word_1_133' title='bbox 445 2569 558 2620; x_wconf 83' lang='lat' dir='ltr'><strong>semper,</strong></span> <span class='ocrx_word' id='word_1_134' title='bbox 569 2553 647 2616; x_wconf 88' lang='lat' dir='ltr'><strong>Line,</strong></span> <span class='ocrx_word' id='word_1_135' title='bbox 657 2552 861 2618; x_wconf 75' lang='lat' dir='ltr'><strong>municipaleme</strong></span> 
     </span>
     <span class='ocr_line' id='line_1_30' title="bbox 291 2627 816 2695; baseline -0.008 -16"><span class='ocrx_word' id='word_1_136' title='bbox 291 2644 345 2695; x_wconf 89' lang='lat' dir='ltr'><strong>qua</strong></span> <span class='ocrx_word' id='word_1_137' title='bbox 356 2627 425 2679; x_wconf 88' lang='lat' dir='ltr'><strong>nihil</strong></span> <span class='ocrx_word' id='word_1_138' title='bbox 436 2629 545 2680; x_wconf 89' lang='lat' dir='ltr'><strong>omuino</strong></span> <span class='ocrx_word' id='word_1_139' title='bbox 556 2628 637 2678; x_wconf 88' lang='lat' dir='ltr'><strong>vilius</strong></span> <span class='ocrx_word' id='word_1_140' title='bbox 647 2641 707 2678; x_wconf 84' lang='lat' dir='ltr'><strong>esse</strong></span> <span class='ocrx_word' id='word_1_141' title='bbox 717 2631 816 2693; x_wconf 87' lang='lat' dir='ltr'><strong>potest.</strong></span> 
     </span>
     <span class='ocr_line' id='line_1_31' title="bbox 258 2698 896 2769; baseline -0.006 -16"><span class='ocrx_word' id='word_1_142' title='bbox 258 2704 347 2755; x_wconf 87' lang='lat' dir='ltr'><strong>ldibns</strong></span> <span class='ocrx_word' id='word_1_143' title='bbox 358 2710 385 2754; x_wconf 89' lang='lat' dir='ltr'><strong>et</strong></span> <span class='ocrx_word' id='word_1_144' title='bbox 394 2704 463 2753; x_wconf 87' lang='lat' dir='ltr'><strong>raris</strong></span> <span class='ocrx_word' id='word_1_145' title='bbox 473 2702 569 2769; x_wconf 80' lang='lat' dir='ltr'><strong>togula</strong></span> <span class='ocrx_word' id='word_1_146' title='bbox 579 2706 619 2751; x_wconf 90' lang='lat' dir='ltr'><strong>est</strong></span> <span class='ocrx_word' id='word_1_147' title='bbox 629 2714 743 2751; x_wconf 81' lang='lat' dir='ltr'><strong>excussa</strong></span> <span class='ocrx_word' id='word_1_148' title='bbox 752 2698 896 2751; x_wconf 80' lang='lat' dir='ltr'><strong>Kalendis:</strong></span> 
     </span>
     <span class='ocr_line' id='line_1_32' title="bbox 292 2774 864 2845; baseline -0.005 -17"><span class='ocrx_word' id='word_1_149' title='bbox 292 2778 370 2828; x_wconf 80' lang='lat' dir='ltr'><strong>duxit</strong></span> <span class='ocrx_word' id='word_1_150' title='bbox 379 2783 407 2827; x_wconf 86' lang='lat' dir='ltr'><strong>et</strong></span> <span class='ocrx_word' id='word_1_151' title='bbox 415 2782 533 2828; x_wconf 83' lang='lat' dir='ltr'><strong>aestates</strong></span> <span class='ocrx_word' id='word_1_152' title='bbox 542 2774 682 2845; x_wconf 84' lang='lat' dir='ltr'><strong>synthesis</strong></span> <span class='ocrx_word' id='word_1_153' title='bbox 691 2791 749 2829; x_wconf 89' lang='lat' dir='ltr'><strong>uua</strong></span> <span class='ocrx_word' id='word_1_154' title='bbox 758 2775 864 2829; x_wconf 84' lang='lat' dir='ltr'><strong>deoem.</strong></span> 
     </span>
     <span class='ocr_line' id='line_1_33' title="bbox 258 2848 1060 2925; baseline 0.006 -29"><span class='ocrx_word' id='word_1_155' title='bbox 258 2848 336 2897; x_wconf 73' lang='lat' dir='ltr'><strong>ultus</strong></span> <span class='ocrx_word' id='word_1_156' title='bbox 345 2863 449 2914; x_wconf 82' lang='lat' dir='ltr'><strong>aprrnn,</strong></span> <span class='ocrx_word' id='word_1_157' title='bbox 462 2866 577 2921; x_wconf 77' lang='lat' dir='ltr'><strong>campus</strong></span> <span class='ocrx_word' id='word_1_158' title='bbox 588 2854 718 2925; x_wconf 90' lang='lat' dir='ltr'><strong>leporem</strong></span> <span class='ocrx_word' id='word_1_159' title='bbox 729 2854 789 2909; x_wconf 84' lang='lat' dir='ltr'><strong>tihi</strong></span> <span class='ocrx_word' id='word_1_160' title='bbox 799 2851 1047 2907; x_wconf 69' lang='lat' dir='ltr'><strong>rimieinemm·</strong></span> <span class='ocrx_word' id='word_1_161' title='bbox 1058 2891 1060 2896; x_wconf 95' lang='lat'><em>.</em></span> 
     </span>
    </p>
   </div>
   <div class='ocr_carea' id='block_1_3' title="bbox 264 2919 845 3007">
    <p class='ocr_par' dir='ltr' id='par_1_3' title="bbox 264 2919 845 3007">
     <span class='ocr_line' id='line_1_34' title="bbox 264 2919 845 3007; baseline 0.052 -42"><span class='ocrx_word' id='word_1_162' title='bbox 264 2919 336 2968; x_wconf 75' lang='lat' dir='ltr'><strong>alirn</strong></span> <span class='ocrx_word' id='word_1_163' title='bbox 342 2935 449 2988; x_wconf 47' lang='lat' dir='ltr'><strong>paves</strong></span> <span class='ocrx_word' id='word_1_164' title='bbox 458 2930 562 2984; x_wconf 76' lang='lat' dir='ltr'><strong>turdos</strong></span> <span class='ocrx_word' id='word_1_165' title='bbox 575 2935 735 3007; x_wconf 80' lang='lat' dir='ltr'><strong>exagitata</strong></span> <span class='ocrx_word' id='word_1_166' title='bbox 745 2935 845 2991; x_wconf 74' lang='lat' dir='ltr'><strong>dedit·</strong></span> 
     </span>
    </p>
   </div>
   <div class='ocr_carea' id='block_1_4' title="bbox 0 0 1382 3450">
    <p class='ocr_par' dir='ltr' id='par_1_4' title="bbox 0 0 1382 3450">
     <span class='ocr_line' id='line_1_35' title="bbox 0 0 1382 3450; baseline 0 0"><span class='ocrx_word' id='word_1_167' title='bbox 0 0 1382 3450; x_wconf 95' lang='lat' dir='ltr'><strong> </strong></span> 
     </span>
    </p>
   </div>
  </div>
 </body>
</html>
