<?xml version="1.0" encoding="UTF-8"?>
<!DOCTYPE html PUBLIC "-//W3C//DTD XHTML 1.0 Transitional//EN"
    "http://www.w3.org/TR/xhtml1/DTD/xhtml1-transitional.dtd">
<html xmlns="http://www.w3.org/1999/xhtml" xml:lang="en" lang="en">
 <head>
  <title>
</title>
<meta http-equiv="Content-Type" content="text/html;charset=utf-8" />
  <meta name='ocr-system' content='tesseract 3.04.00' />
  <meta name='ocr-capabilities' content='ocr_page ocr_carea ocr_par ocr_line ocrx_word'/>
</head>
<body>
  <div class='ocr_page' id='page_1' title='image "./mvaleriimartial03martgoog_0291.png"; bbox 0 0 2750 3450; ppageno 0'>
   <div class='ocr_carea' id='block_1_1' title="bbox 382 379 888 431">
    <p class='ocr_par' dir='ltr' id='par_1_1' title="bbox 382 379 888 431">
     <span class='ocr_line' id='line_1_1' title="bbox 382 379 888 431; baseline -0.002 -2"><span class='ocrx_word' id='word_1_1' title='bbox 382 379 432 431; x_wconf 77' lang='lat'>282</span> <span class='ocrx_word' id='word_1_2' title='bbox 673 382 888 429; x_wconf 68' lang='lat' dir='ltr'>maurianis</span> 
     </span>
    </p>
   </div>
   <div class='ocr_carea' id='block_1_2' title="bbox 288 504 1027 587">
    <p class='ocr_par' dir='ltr' id='par_1_2' title="bbox 288 504 1027 587">
     <span class='ocr_line' id='line_1_2' title="bbox 288 504 1027 587; baseline 0.004 -32"><span class='ocrx_word' id='word_1_3' title='bbox 288 574 292 587; x_wconf 42' lang='grc' dir='ltr'>Ι</span> <span class='ocrx_word' id='word_1_4' title='bbox 382 505 449 556; x_wconf 88' lang='lat' dir='ltr'>trita</span> <span class='ocrx_word' id='word_1_5' title='bbox 458 508 564 570; x_wconf 76' lang='lat' dir='ltr'>patr-um</span> <span class='ocrx_word' id='word_1_6' title='bbox 576 504 669 568; x_wconf 80' lang='lat' dir='ltr'>labris,</span> <span class='ocrx_word' id='word_1_7' title='bbox 681 510 709 557; x_wconf 88' lang='lat' dir='ltr'>et</span> <span class='ocrx_word' id='word_1_8' title='bbox 717 509 798 555; x_wconf 86' lang='lat' dir='ltr'>tonso</span> <span class='ocrx_word' id='word_1_9' title='bbox 810 520 877 570; x_wconf 73' lang='lat' dir='ltr'>pluo</span> <span class='ocrx_word' id='word_1_10' title='bbox 886 504 1027 568; x_wconf 81' lang='lat' dir='ltr'>ministr03</span> 
     </span>
    </p>
   </div>
   <div class='ocr_carea' id='block_1_3' title="bbox 383 577 1058 795">
    <p class='ocr_par' dir='ltr' id='par_1_3' title="bbox 383 577 1058 795">
     <span class='ocr_line' id='line_1_3' title="bbox 421 577 1015 645; baseline 0.002 -17"><span class='ocrx_word' id='word_1_11' title='bbox 421 579 548 645; x_wconf 85' lang='lat' dir='ltr'>antiquus</span> <span class='ocrx_word' id='word_1_12' title='bbox 557 580 658 631; x_wconf 86' lang='lat' dir='ltr'>mensis</span> <span class='ocrx_word' id='word_1_13' title='bbox 667 580 828 631; x_wconf 77' lang='lat' dir='ltr'>restituatur</span> <span class='ocrx_word' id='word_1_14' title='bbox 837 577 934 630; x_wconf 86' lang='lat' dir='ltr'>honor.</span> <span class='ocrx_word' id='word_1_15' title='bbox 1011 588 1015 597; x_wconf 90' lang='grc'><strong>“</strong></span> 
     </span>
     <span class='ocr_line' id='line_1_4' title="bbox 383 652 1058 721; baseline 0.003 -19"><span class='ocrx_word' id='word_1_16' title='bbox 383 654 424 704; x_wconf 83' lang='lat' dir='ltr'>Te</span> <span class='ocrx_word' id='word_1_17' title='bbox 435 660 530 720; x_wconf 82' lang='lat' dir='ltr'>potare</span> <span class='ocrx_word' id='word_1_18' title='bbox 541 654 619 705; x_wconf 85' lang='lat' dir='ltr'>decet</span> <span class='ocrx_word' id='word_1_19' title='bbox 627 669 743 721; x_wconf 79' lang='lat' dir='ltr'>gemma,</span> <span class='ocrx_word' id='word_1_20' title='bbox 759 655 805 719; x_wconf 85' lang='lat' dir='ltr'>qui</span> <span class='ocrx_word' id='word_1_21' title='bbox 815 653 943 704; x_wconf 75' lang='lat' dir='ltr'><strong>Mentora</strong></span> <span class='ocrx_word' id='word_1_22' title='bbox 951 652 1058 721; x_wconf 80' lang='lat' dir='ltr'>frangis</span> 
     </span>
     <span class='ocr_line' id='line_1_5' title="bbox 419 726 1027 795; baseline 0 -17"><span class='ocrx_word' id='word_1_23' title='bbox 419 729 448 778; x_wconf 91' lang='lat' dir='ltr'>in</span> <span class='ocrx_word' id='word_1_24' title='bbox 459 726 588 795; x_wconf 84' lang='lat' dir='ltr'>scaphum</span> <span class='ocrx_word' id='word_1_25' title='bbox 598 727 737 790; x_wconf 75' lang='lat' dir='ltr'>moechae,</span> <span class='ocrx_word' id='word_1_26' title='bbox 748 726 944 794; x_wconf 74' lang='lat' dir='ltr'>Sardanapalo,</span> <span class='ocrx_word' id='word_1_27' title='bbox 953 733 1027 778; x_wconf 87' lang='lat' dir='ltr'>tuae.</span> 
     </span>
    </p>
   </div>
   <div class='ocr_carea' id='block_1_4' title="bbox 666 831 893 878">
    <p class='ocr_par' dir='ltr' id='par_1_4' title="bbox 666 831 893 878">
     <span class='ocr_line' id='line_1_6' title="bbox 666 831 893 878; baseline 0 -4"><span class='ocrx_word' id='word_1_28' title='bbox 666 836 699 874; x_wconf 80' lang='lat'>12.</span> <span class='ocrx_word' id='word_1_29' title='bbox 722 833 756 878; x_wconf 89' lang='lat' dir='ltr'>lu</span> <span class='ocrx_word' id='word_1_30' title='bbox 775 831 893 874; x_wconf 81' lang='lat' dir='ltr'><strong>Zoilum.</strong></span> 
     </span>
    </p>
   </div>
   <div class='ocr_carea' id='block_1_5' title="bbox 383 907 1038 1051">
    <p class='ocr_par' dir='ltr' id='par_1_5' title="bbox 383 907 1038 1051">
     <span class='ocr_line' id='line_1_7' title="bbox 383 907 1003 975; baseline 0 -16"><span class='ocrx_word' id='word_1_31' title='bbox 383 907 428 960; x_wconf 87' lang='lat' dir='ltr'>lus</span> <span class='ocrx_word' id='word_1_32' title='bbox 437 909 489 960; x_wconf 85' lang='lat' dir='ltr'>tibi</span> <span class='ocrx_word' id='word_1_33' title='bbox 501 914 627 960; x_wconf 88' lang='lat' dir='ltr'>natorum</span> <span class='ocrx_word' id='word_1_34' title='bbox 639 909 680 960; x_wconf 86' lang='lat' dir='ltr'>vel</span> <span class='ocrx_word' id='word_1_35' title='bbox 691 915 803 975; x_wconf 81' lang='lat' dir='ltr'><strong>septem,</strong></span> <span class='ocrx_word' id='word_1_36' title='bbox 814 909 899 972; x_wconf 80' lang='lat' dir='ltr'>Zoile,</span> <span class='ocrx_word' id='word_1_37' title='bbox 910 909 1003 960; x_wconf 71' lang='lat' dir='ltr'>detra:</span> 
     </span>
     <span class='ocr_line' id='line_1_8' title="bbox 419 983 1038 1051; baseline 0 -17"><span class='ocrx_word' id='word_1_38' title='bbox 419 983 482 1034; x_wconf 76' lang='lat' dir='ltr'>(lium</span> <span class='ocrx_word' id='word_1_39' title='bbox 493 988 606 1034; x_wconf 87' lang='lat' dir='ltr'>matrem</span> <span class='ocrx_word' id='word_1_40' title='bbox 618 999 698 1034; x_wconf 90' lang='lat' dir='ltr'>nemo</span> <span class='ocrx_word' id='word_1_41' title='bbox 709 984 823 1046; x_wconf 70' lang='lat' dir='ltr'>dccciii,</span> <span class='ocrx_word' id='word_1_42' title='bbox 834 999 913 1035; x_wconf 84' lang='lat' dir='ltr'>nemo</span> <span class='ocrx_word' id='word_1_43' title='bbox 924 991 1038 1051; x_wconf 86' lang='lat' dir='ltr'>patrem.</span> 
     </span>
    </p>
   </div>
   <div class='ocr_carea' id='block_1_6' title="bbox 490 1071 1067 1126">
    <p class='ocr_par' dir='ltr' id='par_1_6' title="bbox 490 1071 1067 1126">
     <span class='ocr_line' id='line_1_9' title="bbox 490 1071 1067 1126; baseline 0.002 -12"><span class='ocrx_word' id='word_1_44' title='bbox 490 1074 523 1114; x_wconf 79' lang='grc'>13.</span> <span class='ocrx_word' id='word_1_45' title='bbox 546 1071 732 1126; x_wconf 75' lang='lat' dir='ltr'>Epitaphium</span> <span class='ocrx_word' id='word_1_46' title='bbox 753 1071 868 1112; x_wconf 78' lang='lat' dir='ltr'>Paridis</span> <span class='ocrx_word' id='word_1_47' title='bbox 886 1071 1067 1115; x_wconf 69' lang='lat' dir='ltr'>pantomimi·</span> 
     </span>
    </p>
   </div>
   <div class='ocr_carea' id='block_1_7' title="bbox 472 1147 1039 1661">
    <p class='ocr_par' dir='ltr' id='par_1_7' title="bbox 472 1147 979 1288">
     <span class='ocr_line' id='line_1_10' title="bbox 475 1147 979 1214; baseline 0 -16"><span class='ocrx_word' id='word_1_48' title='bbox 475 1147 605 1214; x_wconf 73' lang='lat' dir='ltr'>Quisquis</span> <span class='ocrx_word' id='word_1_49' title='bbox 615 1147 778 1197; x_wconf 78' lang='lat' dir='ltr'><strong>Flaminiam</strong></span> <span class='ocrx_word' id='word_1_50' title='bbox 788 1147 863 1208; x_wconf 81' lang='lat' dir='ltr'>teris,</span> <span class='ocrx_word' id='word_1_51' title='bbox 879 1147 979 1210; x_wconf 86' lang='lat' dir='ltr'>viator,</span> 
     </span>
     <span class='ocr_line' id='line_1_11' title="bbox 472 1222 933 1288; baseline -0.009 -14"><span class='ocrx_word' id='word_1_52' title='bbox 472 1222 532 1274; x_wconf 87' lang='lat' dir='ltr'>noli</span> <span class='ocrx_word' id='word_1_53' title='bbox 542 1222 634 1273; x_wconf 82' lang='lat' dir='ltr'>nobile</span> <span class='ocrx_word' id='word_1_54' title='bbox 648 1223 797 1288; x_wconf 87' lang='lat' dir='ltr'>praeterire</span> <span class='ocrx_word' id='word_1_55' title='bbox 805 1236 933 1275; x_wconf 81' lang='lat' dir='ltr'>marmor.</span> 
     </span>
    </p>

    <p class='ocr_par' dir='ltr' id='par_1_8' title="bbox 473 1295 904 1361">
     <span class='ocr_line' id='line_1_12' title="bbox 473 1295 904 1361; baseline -0.005 -13"><span class='ocrx_word' id='word_1_56' title='bbox 473 1297 554 1349; x_wconf 82' lang='lat' dir='ltr'>Urbis</span> <span class='ocrx_word' id='word_1_57' title='bbox 565 1297 689 1358; x_wconf 78' lang='lat' dir='ltr'>deliciae,</span> <span class='ocrx_word' id='word_1_58' title='bbox 701 1296 826 1361; x_wconf 84' lang='lat' dir='ltr'>solesque</span> <span class='ocrx_word' id='word_1_59' title='bbox 836 1295 904 1359; x_wconf 84' lang='lat' dir='ltr'>Nili,</span> 
     </span>
    </p>

    <p class='ocr_par' dir='ltr' id='par_1_9' title="bbox 474 1371 941 1507">
     <span class='ocr_line' id='line_1_13' title="bbox 475 1371 936 1438; baseline -0.007 -15"><span class='ocrx_word' id='word_1_60' title='bbox 475 1388 519 1423; x_wconf 84' lang='lat' dir='ltr'>ars</span> <span class='ocrx_word' id='word_1_61' title='bbox 530 1376 558 1422; x_wconf 90' lang='lat' dir='ltr'>et</span> <span class='ocrx_word' id='word_1_62' title='bbox 566 1371 665 1438; x_wconf 79' lang='lat' dir='ltr'>gratio,</span> <span class='ocrx_word' id='word_1_63' title='bbox 676 1371 752 1421; x_wconf 88' lang='lat' dir='ltr'>lusus</span> <span class='ocrx_word' id='word_1_64' title='bbox 762 1377 790 1420; x_wconf 86' lang='lat' dir='ltr'>et</span> <span class='ocrx_word' id='word_1_65' title='bbox 801 1371 936 1436; x_wconf 84' lang='lat' dir='ltr'>voluptas,</span> 
     </span>
     <span class='ocr_line' id='line_1_14' title="bbox 474 1443 941 1507; baseline -0.004 -11"><span class='ocrx_word' id='word_1_66' title='bbox 474 1445 590 1497; x_wconf 82' lang='lat' dir='ltr'>Romani</span> <span class='ocrx_word' id='word_1_67' title='bbox 602 1445 683 1497; x_wconf 73' lang='lat' dir='ltr'>docies</span> <span class='ocrx_word' id='word_1_68' title='bbox 694 1451 721 1496; x_wconf 86' lang='lat' dir='ltr'>et</span> <span class='ocrx_word' id='word_1_69' title='bbox 735 1444 817 1495; x_wconf 80' lang='lat' dir='ltr'>dolm</span> <span class='ocrx_word' id='word_1_70' title='bbox 832 1443 941 1507; x_wconf 81' lang='lat' dir='ltr'>theatri,</span> 
     </span>
    </p>

    <p class='ocr_par' dir='ltr' id='par_1_10' title="bbox 472 1518 1039 1661">
     <span class='ocr_line' id='line_1_15' title="bbox 474 1518 997 1587; baseline 0 -16"><span class='ocrx_word' id='word_1_71' title='bbox 474 1527 555 1587; x_wconf 86' lang='lat' dir='ltr'>atque</span> <span class='ocrx_word' id='word_1_72' title='bbox 565 1535 657 1571; x_wconf 81' lang='lat' dir='ltr'>omnes</span> <span class='ocrx_word' id='word_1_73' title='bbox 669 1518 788 1570; x_wconf 83' lang='lat' dir='ltr'>Veneres</span> <span class='ocrx_word' id='word_1_74' title='bbox 797 1520 997 1586; x_wconf 80' lang='lat' dir='ltr'>Cupidinesque</span> 
     </span>
     <span class='ocr_line' id='line_1_16' title="bbox 472 1594 1039 1661; baseline 0.002 -15"><span class='ocrx_word' id='word_1_75' title='bbox 472 1594 526 1648; x_wconf 91' lang='lat' dir='ltr'>hoc</span> <span class='ocrx_word' id='word_1_76' title='bbox 536 1600 599 1646; x_wconf 76' lang='lat' dir='ltr'>sumt</span> <span class='ocrx_word' id='word_1_77' title='bbox 608 1595 728 1657; x_wconf 84' lang='lat' dir='ltr'>condita,</span> <span class='ocrx_word' id='word_1_78' title='bbox 739 1610 793 1661; x_wconf 89' lang='lat' dir='ltr'>quo</span> <span class='ocrx_word' id='word_1_79' title='bbox 804 1594 892 1657; x_wconf 81' lang='lat' dir='ltr'>Paris,</span> <span class='ocrx_word' id='word_1_80' title='bbox 902 1595 1039 1661; x_wconf 87' lang='lat' dir='ltr'>sepulcro.</span> 
     </span>
    </p>
   </div>
   <div class='ocr_carea' id='block_1_8' title="bbox 664 1681 887 1727">
    <p class='ocr_par' dir='ltr' id='par_1_11' title="bbox 664 1681 887 1727">
     <span class='ocr_line' id='line_1_17' title="bbox 664 1681 887 1727; baseline -0.013 0"><span class='ocrx_word' id='word_1_81' title='bbox 664 1687 697 1727; x_wconf 80' lang='grc'>11.</span> <span class='ocrx_word' id='word_1_82' title='bbox 722 1682 762 1726; x_wconf 81' lang='lat' dir='ltr'>De</span> <span class='ocrx_word' id='word_1_83' title='bbox 782 1681 887 1726; x_wconf 82' lang='lat' dir='ltr'>colono.</span> 
     </span>
    </p>
   </div>
   <div class='ocr_carea' id='block_1_9' title="bbox 380 1760 1027 1967">
    <p class='ocr_par' dir='ltr' id='par_1_12' title="bbox 380 1760 1027 1967">
     <span class='ocr_line' id='line_1_18' title="bbox 380 1760 1004 1827; baseline 0 -16"><span class='ocrx_word' id='word_1_84' title='bbox 380 1761 512 1823; x_wconf 80' lang='lat' dir='ltr'>Heredes,</span> <span class='ocrx_word' id='word_1_85' title='bbox 522 1760 609 1812; x_wconf 89' lang='lat' dir='ltr'>nolite</span> <span class='ocrx_word' id='word_1_86' title='bbox 619 1761 727 1812; x_wconf 88' lang='lat' dir='ltr'>brevem</span> <span class='ocrx_word' id='word_1_87' title='bbox 738 1761 855 1827; x_wconf 84' lang='lat' dir='ltr'>sepelire</span> <span class='ocrx_word' id='word_1_88' title='bbox 865 1760 1004 1812; x_wconf 87' lang='lat' dir='ltr'>colonum:</span> 
     </span>
     <span class='ocr_line' id='line_1_19' title="bbox 416 1836 1027 1903; baseline -0.005 -15"><span class='ocrx_word' id='word_1_89' title='bbox 416 1851 479 1888; x_wconf 85' lang='lat' dir='ltr'>nam</span> <span class='ocrx_word' id='word_1_90' title='bbox 490 1842 563 1887; x_wconf 86' lang='lat' dir='ltr'>terra</span> <span class='ocrx_word' id='word_1_91' title='bbox 574 1843 616 1887; x_wconf 88' lang='lat' dir='ltr'>est</span> <span class='ocrx_word' id='word_1_92' title='bbox 624 1837 667 1887; x_wconf 89' lang='lat' dir='ltr'>illi</span> <span class='ocrx_word' id='word_1_93' title='bbox 679 1836 915 1903; x_wconf 87' lang='lat' dir='ltr'>quantulacunque</span> <span class='ocrx_word' id='word_1_94' title='bbox 925 1837 1027 1903; x_wconf 83' lang='lat' dir='ltr'>gravis.</span> 
     </span>
     <span class='ocr_line' id='line_1_20' title="bbox 641 1922 909 1967; baseline -0.007 -1"><span class='ocrx_word' id='word_1_95' title='bbox 641 1928 674 1967; x_wconf 84' lang='lat'>15.</span> <span class='ocrx_word' id='word_1_96' title='bbox 700 1924 738 1965; x_wconf 85' lang='lat' dir='ltr'>De</span> <span class='ocrx_word' id='word_1_97' title='bbox 758 1922 833 1965; x_wconf 77' lang='lat' dir='ltr'>libro</span> <span class='ocrx_word' id='word_1_98' title='bbox 853 1937 909 1965; x_wconf 75' lang='lat' dir='ltr'>sum</span> 
     </span>
    </p>
   </div>
   <div class='ocr_carea' id='block_1_10' title="bbox 307 1998 1048 3041">
    <p class='ocr_par' dir='ltr' id='par_1_13' title="bbox 452 1998 1048 2889">
     <span class='ocr_line' id='line_1_21' title="bbox 454 1998 1025 2067; baseline 0.004 -16"><span class='ocrx_word' id='word_1_99' title='bbox 454 2000 523 2051; x_wconf 83' lang='lat' dir='ltr'><strong>Sunt</strong></span> <span class='ocrx_word' id='word_1_100' title='bbox 537 1998 647 2052; x_wconf 88' lang='lat' dir='ltr'>chartae</span> <span class='ocrx_word' id='word_1_101' title='bbox 657 1998 734 2063; x_wconf 87' lang='lat' dir='ltr'>mihi,</span> <span class='ocrx_word' id='word_1_102' title='bbox 745 2015 812 2067; x_wconf 86' lang='lat' dir='ltr'>quas</span> <span class='ocrx_word' id='word_1_103' title='bbox 824 2000 936 2052; x_wconf 85' lang='lat' dir='ltr'>Catonis</span> <span class='ocrx_word' id='word_1_104' title='bbox 945 2013 1025 2064; x_wconf 82' lang='lat' dir='ltr'>uxor,</span> 
     </span>
     <span class='ocr_line' id='line_1_22' title="bbox 452 2073 955 2143; baseline -0.002 -17"><span class='ocrx_word' id='word_1_105' title='bbox 452 2082 481 2126; x_wconf 88' lang='lat' dir='ltr'>et</span> <span class='ocrx_word' id='word_1_106' title='bbox 491 2090 558 2141; x_wconf 85' lang='lat' dir='ltr'>quas</span> <span class='ocrx_word' id='word_1_107' title='bbox 568 2073 715 2127; x_wconf 73' lang='lat' dir='ltr'>horribiles</span> <span class='ocrx_word' id='word_1_108' title='bbox 725 2076 818 2143; x_wconf 84' lang='lat' dir='ltr'>legant</span> <span class='ocrx_word' id='word_1_109' title='bbox 828 2074 955 2127; x_wconf 84' lang='lat' dir='ltr'>Sabinae.</span> 
     </span>
     <span class='ocr_line' id='line_1_23' title="bbox 453 2149 894 2213; baseline -0.002 -13"><span class='ocrx_word' id='word_1_110' title='bbox 453 2149 508 2200; x_wconf 87' lang='lat' dir='ltr'>Hic</span> <span class='ocrx_word' id='word_1_111' title='bbox 516 2156 591 2201; x_wconf 81' lang='lat' dir='ltr'>totus</span> <span class='ocrx_word' id='word_1_112' title='bbox 601 2150 665 2201; x_wconf 88' lang='lat' dir='ltr'>volo</span> <span class='ocrx_word' id='word_1_113' title='bbox 674 2150 765 2201; x_wconf 84' lang='lat' dir='ltr'>rideat</span> <span class='ocrx_word' id='word_1_114' title='bbox 777 2150 894 2213; x_wconf 87' lang='lat' dir='ltr'>libellus,</span> 
     </span>
     <span class='ocr_line' id='line_1_24' title="bbox 453 2225 913 2291; baseline -0.002 -16"><span class='ocrx_word' id='word_1_115' title='bbox 453 2230 481 2276; x_wconf 86' lang='lat' dir='ltr'>et</span> <span class='ocrx_word' id='word_1_116' title='bbox 490 2226 527 2276; x_wconf 83' lang='lat' dir='ltr'>sit</span> <span class='ocrx_word' id='word_1_117' title='bbox 535 2225 651 2291; x_wconf 85' lang='lat' dir='ltr'>nequior</span> <span class='ocrx_word' id='word_1_118' title='bbox 662 2225 787 2276; x_wconf 86' lang='lat' dir='ltr'>omnibus</span> <span class='ocrx_word' id='word_1_119' title='bbox 797 2225 913 2276; x_wconf 81' lang='lat' dir='ltr'>libellis:</span> 
     </span>
     <span class='ocr_line' id='line_1_25' title="bbox 453 2300 919 2365; baseline -0.002 -15"><span class='ocrx_word' id='word_1_120' title='bbox 453 2300 500 2365; x_wconf 90' lang='lat' dir='ltr'>qui</span> <span class='ocrx_word' id='word_1_121' title='bbox 509 2300 573 2351; x_wconf 91' lang='lat' dir='ltr'>vino</span> <span class='ocrx_word' id='word_1_122' title='bbox 584 2300 703 2362; x_wconf 84' lang='lat' dir='ltr'>madeat,</span> <span class='ocrx_word' id='word_1_123' title='bbox 714 2316 764 2350; x_wconf 90' lang='lat' dir='ltr'>uec</span> <span class='ocrx_word' id='word_1_124' title='bbox 777 2300 919 2350; x_wconf 84' lang='lat' dir='ltr'>eruhescat</span> 
     </span>
     <span class='ocr_line' id='line_1_26' title="bbox 453 2374 929 2441; baseline 0 -18"><span class='ocrx_word' id='word_1_125' title='bbox 453 2375 546 2441; x_wconf 83' lang='lat' dir='ltr'>pingui</span> <span class='ocrx_word' id='word_1_126' title='bbox 557 2375 684 2425; x_wconf 85' lang='lat' dir='ltr'>sordidus</span> <span class='ocrx_word' id='word_1_127' title='bbox 696 2390 755 2425; x_wconf 87' lang='lat' dir='ltr'>esse</span> <span class='ocrx_word' id='word_1_128' title='bbox 767 2374 929 2425; x_wconf 80' lang='lat' dir='ltr'>Cosmiano:</span> 
     </span>
     <span class='ocr_line' id='line_1_27' title="bbox 453 2449 926 2515; baseline -0.002 -16"><span class='ocrx_word' id='word_1_129' title='bbox 453 2450 531 2499; x_wconf 83' lang='lat' dir='ltr'>ludat</span> <span class='ocrx_word' id='word_1_130' title='bbox 540 2465 599 2499; x_wconf 92' lang='lat' dir='ltr'>cum</span> <span class='ocrx_word' id='word_1_131' title='bbox 612 2449 712 2515; x_wconf 86' lang='lat' dir='ltr'>pueris,</span> <span class='ocrx_word' id='word_1_132' title='bbox 723 2455 796 2500; x_wconf 86' lang='lat' dir='ltr'>amet</span> <span class='ocrx_word' id='word_1_133' title='bbox 808 2450 926 2515; x_wconf 86' lang='lat' dir='ltr'>puellas:</span> 
     </span>
     <span class='ocr_line' id='line_1_28' title="bbox 453 2524 935 2590; baseline 0.002 -17"><span class='ocrx_word' id='word_1_134' title='bbox 453 2539 502 2574; x_wconf 88' lang='lat' dir='ltr'>uec</span> <span class='ocrx_word' id='word_1_135' title='bbox 512 2539 560 2589; x_wconf 81' lang='lat' dir='ltr'>per</span> <span class='ocrx_word' id='word_1_136' title='bbox 571 2524 700 2575; x_wconf 83' lang='lat' dir='ltr'>circuitus</span> <span class='ocrx_word' id='word_1_137' title='bbox 711 2524 840 2590; x_wconf 88' lang='lat' dir='ltr'>loquatur</span> <span class='ocrx_word' id='word_1_138' title='bbox 849 2524 935 2587; x_wconf 86' lang='lat' dir='ltr'>illam,</span> 
     </span>
     <span class='ocr_line' id='line_1_29' title="bbox 452 2600 997 2665; baseline -0.002 -16"><span class='ocrx_word' id='word_1_139' title='bbox 452 2614 485 2649; x_wconf 84' lang='lat' dir='ltr'>cx</span> <span class='ocrx_word' id='word_1_140' title='bbox 497 2614 550 2665; x_wconf 88' lang='lat' dir='ltr'>qua</span> <span class='ocrx_word' id='word_1_141' title='bbox 560 2600 706 2661; x_wconf 82' lang='lat' dir='ltr'>nascimur,</span> <span class='ocrx_word' id='word_1_142' title='bbox 720 2600 838 2650; x_wconf 85' lang='lat' dir='ltr'>onmium</span> <span class='ocrx_word' id='word_1_143' title='bbox 850 2604 997 2665; x_wconf 87' lang='lat' dir='ltr'>parentem,</span> 
     </span>
     <span class='ocr_line' id='line_1_30' title="bbox 453 2672 1048 2737; baseline 0.008 -16"><span class='ocrx_word' id='word_1_144' title='bbox 453 2686 532 2737; x_wconf 90' lang='lat' dir='ltr'>quam</span> <span class='ocrx_word' id='word_1_145' title='bbox 544 2680 653 2725; x_wconf 85' lang='lat' dir='ltr'>sauctus</span> <span class='ocrx_word' id='word_1_146' title='bbox 664 2672 753 2724; x_wconf 90' lang='lat' dir='ltr'>Numa</span> <span class='ocrx_word' id='word_1_147' title='bbox 763 2674 909 2724; x_wconf 84' lang='lat' dir='ltr'>mentulam</span> <span class='ocrx_word' id='word_1_148' title='bbox 920 2673 1048 2726; x_wconf 75' lang='lat' dir='ltr'>vocabat.</span> 
     </span>
     <span class='ocr_line' id='line_1_31' title="bbox 452 2744 970 2800; baseline 0.01 -5"><span class='ocrx_word' id='word_1_149' title='bbox 452 2744 553 2797; x_wconf 86' lang='lat' dir='ltr'>Versus</span> <span class='ocrx_word' id='word_1_150' title='bbox 564 2746 615 2799; x_wconf 88' lang='lat' dir='ltr'>hos</span> <span class='ocrx_word' id='word_1_151' title='bbox 624 2756 715 2799; x_wconf 69' lang='lat' dir='ltr'>tannen</span> <span class='ocrx_word' id='word_1_152' title='bbox 727 2763 787 2799; x_wconf 84' lang='lat' dir='ltr'>esse</span> <span class='ocrx_word' id='word_1_153' title='bbox 796 2754 827 2799; x_wconf 89' lang='lat' dir='ltr'>tu</span> <span class='ocrx_word' id='word_1_154' title='bbox 837 2754 970 2800; x_wconf 88' lang='lat' dir='ltr'>memento</span> 
     </span>
     <span class='ocr_line' id='line_1_32' title="bbox 453 2818 848 2889; baseline 0.008 -19"><span class='ocrx_word' id='word_1_155' title='bbox 453 2818 660 2885; x_wconf 82' lang='lat' dir='ltr'>Saturnalicios,</span> <span class='ocrx_word' id='word_1_156' title='bbox 669 2823 848 2889; x_wconf 72' lang='lat' dir='ltr'>Apollinaris.</span> 
     </span>
    </p>

    <p class='ocr_par' dir='ltr' id='par_1_14' title="bbox 307 2892 969 3041">
     <span class='ocr_line' id='line_1_33' title="bbox 307 2892 969 3041; baseline 0 -95"><span class='ocrx_word' id='word_1_157' title='bbox 307 2919 427 3041; x_wconf 46' lang='grc' dir='ltr'><strong><em>κ</em></strong></span> <span class='ocrx_word' id='word_1_158' title='bbox 449 2892 544 2947; x_wconf 88' lang='lat' dir='ltr'>Mores</span> <span class='ocrx_word' id='word_1_159' title='bbox 553 2911 609 2948; x_wconf 89' lang='lat' dir='ltr'>non</span> <span class='ocrx_word' id='word_1_160' title='bbox 618 2894 701 2950; x_wconf 85' lang='lat' dir='ltr'>habet</span> <span class='ocrx_word' id='word_1_161' title='bbox 710 2896 756 2950; x_wconf 92' lang='lat' dir='ltr'>hic</span> <span class='ocrx_word' id='word_1_162' title='bbox 766 2912 842 2951; x_wconf 85' lang='lat' dir='ltr'>msos</span> <span class='ocrx_word' id='word_1_163' title='bbox 852 2896 969 2949; x_wconf 86' lang='lat' dir='ltr'>libellus.</span> 
     </span>
    </p>
   </div>
   <div class='ocr_carea' id='block_1_11' title="bbox 0 0 1380 3450">
    <p class='ocr_par' dir='ltr' id='par_1_15' title="bbox 0 0 1380 3450">
     <span class='ocr_line' id='line_1_34' title="bbox 0 0 1380 3450; baseline 0 2"><span class='ocrx_word' id='word_1_164' title='bbox 0 0 1380 3450; x_wconf 95' lang='lat' dir='ltr'> </span> 
     </span>
    </p>
   </div>
  </div>
 </body>
</html>
