2750 3450
308 359 358 409 iit
596 358 812 407 maurianis

581 481 615 521 ui.
639 479 679 521 Ad
698 479 822 520 Marium.

383 546 463 605 illari,
474 547 582 613 quietae
593 547 682 598 mrltor
692 552 719 596 et
729 547 914 611 comanitae,

382 637 436 689 quo
450 622 508 673 cive
518 622 610 687 prisca
619 622 755 689 gloriatur
764 621 859 671 Atina:

381 694 431 747 has
440 697 492 747 tibi
502 696 641 763 gemellas,
652 696 763 746 barbari
774 696 931 760 denarium,

382 771 542 824 commendo
554 771 633 836 pinus
644 771 775 836 ilicesque
787 770 953 835 Faunorum,

382 852 410 897 et
420 845 572 896 semidocta
582 845 668 896 villici
680 860 761 895 manu
771 851 890 896 structam

382 921 517 972 Tonantis
528 935 599 982 aras,
609 917 769 986 horridique
779 919 894 983 Silvani,

382 1010 450 1063 quas
459 996 543 1046 tinxit
553 995 616 1061 agni
626 1008 708 1061 saepe
718 996 839 1062 sanguis,
850 1002 898 1046 aut
910 995 1004 1061 hoedi,

382 1071 573 1136 dominamque
585 1070 674 1119 sancti
683 1070 815 1136 virginem
826 1070 904 1122 deam
914 1073 1021 1139 tenipli.

382 1151 418 1207 et,
431 1160 508 1212 quem
520 1145 624 1195 sororis
634 1142 770 1210 hospitem
780 1145 857 1196 vides
868 1152 962 1197 castae

381 1219 507 1282 Martem,
517 1233 638 1269 mearum
649 1220 800 1285 principem
813 1218 1010 1284 Kalendarum,

381 1299 408 1346 et
418 1293 552 1345 delicatae
562 1292 683 1344 laureum
694 1310 788 1345 nemus
798 1294 908 1358 Florae,

381 1369 410 1419 in
420 1368 494 1435 quod
507 1367 608 1434 Priapo
620 1375 797 1435 persequente
808 1368 940 1437 confugit.

378 1442 444 1494 Hoc
455 1458 534 1493 omne
546 1442 629 1510 agelli
638 1443 705 1493 mite
716 1444 823 1509 parvuli
833 1457 931 1496 numen
988 1446 993 1457 '

283 1536 295 1555 *
381 1533 429 1568 seu
438 1522 469 1568 tn
479 1532 574 1569 cruore
586 1518 643 1567 sive
652 1522 713 1568 trare
724 1517 860 1584 placabis:

380 1592 536 1659 ubicunqne
545 1598 638 1643 noster
648 1591 787 1643 Martialis
798 1599 848 1657 est,
858 1594 943 1658 dices,

381 1665 442 1732 hac,
454 1683 525 1731 ecce,
536 1683 641 1718 mecum
652 1667 765 1717 dextera
775 1668 838 1719 litat
848 1670 927 1720 vobis

382 1745 481 1794 absens
491 1743 634 1806 sacerdos3
649 1758 699 1793 vos
710 1748 804 1809 putate
814 1751 996 1811 praesentem,

382 1824 409 1869 et
420 1819 483 1869 date
495 1819 610 1881 duobus,
621 1818 755 1885 quidquid
766 1819 835 1869 alter
845 1820 957 1886 optarit.

556 1909 591 1949 ui.
615 1904 655 1946 Ad
677 1903 857 1948 Clementem.

309 1973 337 2024 Si
349 1974 426 2040 prior
435 1972 590 2040 Euganeas,
602 1972 735 2036 Clemens,
749 1972 909 2024 Helicaonis
921 1989 998 2039 oras,

346 2049 474 2114 pictaque
484 2047 636 2114 pampineis
647 2048 749 2099 videris
761 2062 826 2098 arva
836 2050 922 2115 iugis3

308 2121 398 2189 perfer
408 2123 547 2172 Atestinae
557 2122 676 2173 nondum
686 2123 799 2189 vulgata
808 2121 928 2173 Sabinae

345 2197 476 2259 carmina,
487 2212 622 2263 purpurea
632 2198 680 2247 sed
691 2198 774 2249 modo
784 2204 846 2248 suta
855 2204 930 2265 toga.

308 2272 344 2322 Ut
353 2288 418 2323 rosa
429 2272 555 2335 delectat,
565 2273 676 2323 metitur
686 2287 757 2338 quac
766 2272 868 2339 pollice
878 2273 984 2339 primo:

346 2349 387 2399 sic
396 2362 478 2408 nova,
488 2362 538 2398 nec
548 2352 640 2397 mento
650 2347 764 2399 sordida
775 2345 870 2398 charta
878 2348 965 2401 iuvat.

494 2439 528 2478 94.
554 2433 747 2477 Munrrsculum
767 2449 914 2490 pomorum.

308 2501 370 2554 Non
380 2518 442 2553 mea
452 2501 592 2569 Massylus
605 2508 697 2554 servat
706 2504 832 2570 pomaria
841 2518 963 2569 serpens,

345 2579 436 2644 regins
447 2578 554 2629 Alcinoi
565 2594 615 2629 nec
625 2576 694 2628 mihi
703 2579 788 2629 serait
798 2594 876 2646 ager:

309 2652 356 2703 sed
366 2650 539 2703 Nomentana
549 2669 660 2704 securus
670 2654 806 2719 germinat
814 2653 909 2706 hortus

347 2726 454 2789 arbore,
464 2743 514 2778 nec
524 2726 610 2779 furem
620 2727 748 2794 plumbea
757 2728 831 2779 mala
839 2730 944 2779 timent.

311 2798 387 2850 llaec
396 2801 489 2866 igion,
499 2802 591 2853 media
601 2818 671 2869 quae
682 2808 745 2853 sunt
756 2801 823 2854 mihi
833 2810 899 2855 nata
909 2803 1044 2869 Suburrn,

346 2874 479 2925 mittimus
488 2878 609 2928 autumni
623 2892 795 2945 cereapoma
804 2880 866 2931 mel.
