2750 3450
620 386 837 434 MARTIAMS

422 511 507 563 multa
517 510 612 561 villica
622 524 701 577 quem
714 515 829 561 coronat
839 509 907 560 olla

420 585 543 637 Venator
553 587 691 652 aequitum
705 584 820 647 sedilia,
831 599 913 652 quern
923 590 954 638 tn

420 666 526 712 recreta
536 660 630 726 cuniae
641 657 741 711 habere
751 659 830 710 silva.

419 735 569 802 Dispensat
578 736 679 800 pueris,
689 739 824 802 rogatque
833 733 937 802 longor

420 811 506 862 laevia
516 824 617 876 ponere
628 809 736 861 villicus
747 809 873 875 capillos.

420 884 468 938 Sic
477 899 520 936 me
529 885 628 948 rivere,
639 885 681 935 cic
689 885 768 935 iuvat
775 884 875 950 perire.

604 992 640 1033 to.
662 989 702 1032 De
720 986 849 1032 Aemilio.

325 1069 355 1119 ln
369 1068 481 1121 thermis
492 1069 574 1120 sumit
583 1067 715 1132 lactucae,
729 1082 791 1132 ova,
800 1067 945 1132 lacertum,

366 1150 393 1196 et
403 1158 520 1196 coenare
529 1141 598 1194 ioris
609 1158 641 1194 re
648 1140 881 1210 negotiemiiine.

588 1251 623 1292 2⁰.
647 1246 687 1289 Ar
707 1245 864 1291 Fabullum.

421 1335 513 1397 Quare
523 1350 578 1386 non
589 1331 698 1398 habeat,
707 1334 831 1397 Fabulle,
842 1335 955 1401 quaerit

420 1425 533 1462 uxorem
545 1407 713 1461 Themisoni
726 1408 819 1461 Habet
827 1425 963 1462 sororem.

579 1518 614 1557 21.
638 1514 679 1557 Ad
699 1483 872 1558 Mercablum.

327 1608 494 1676 Municipem
504 1609 589 1677 ngidi
597 1611 658 1676 qnia
669 1616 705 1673 te,
715 1608 857 1672 Marcella,
868 1607 994 1676 Salonis,

366 1690 393 1735 et
402 1685 521 1753 genitam
532 1686 634 1738 noetn’e
646 1685 707 1753 qnia
717 1690 795 1752 putet
803 1699 863 1736 erae
874 1684 965 1738 iocis!

328 1760 398 1810 Tam
409 1775 509 1823 rarum,
519 1765 576 1812 tam
587 1761 666 1812 dulce
676 1761 766 1826 sapie:
785 1759 907 1811 Pallatia
917 1762 1020 1827 dicent,

366 1835 503 1896 audierint
512 1836 537 1886 ei
545 1842 574 1886 te
583 1836 626 1887 vel
636 1836 729 1898 semel,
740 1850 800 1887 ease
810 1850 901 1886 suam:

327 1910 404 1961 nulla
414 1911 502 1960 necin
513 1910 605 1961 media
615 1911 731 1962 certabit
741 1916 807 1961 nata
818 1908 935 1975 Subura,

366 2001 416 2036 nec
426 1984 575 2051 Capitolini
587 1984 668 2036 collis
679 1985 790 2036 alumna
799 1985 860 2035 tibi.

327 2058 384 2109 Nec
396 2061 451 2110 cito
461 2059 562 2110 ridebit
572 2060 707 2127 peregrini
718 2060 810 2127 gloria
819 2067 924 2127 pamm,

326 2165 335 2188 .
363 2132 514 2185 Romanam
527 2134 622 2184 deceat
633 2150 713 2201 quam
723 2136 811 2202 magis
821 2150 881 2186 cese
890 2150 1001 2188 nurum.

327 2208 370 2259 Tu
381 2209 546 2260 desiderium
556 2209 684 2260 dominae
696 2208 762 2260 mihi
773 2210 866 2261 mitius
875 2203 955 2261 Orbis

364 2299 423 2334 esse
433 2283 524 2334 iubes:
544 2282 660 2336 Romam
673 2291 704 2335 tn
714 2283 780 2336 mibi
791 2284 853 2336 cola
861 2282 942 2337 iacias

573 2393 608 2431 2².
635 2390 674 2432 De
692 2387 872 2432 Philaenide.

420 2481 507 2542 Quam
518 2484 555 2535 eit
564 2483 641 2535 lusca
652 2481 792 2535 Philaenis
802 2484 971 2550 indecenter,

417 2558 460 2608 vis
471 2559 560 2609 dicam
571 2558 692 2611 breviter
700 2559 760 2622 tibi,
771 2557 903 2610 Fabullei

418 2630 499 2683 Esset
508 2649 591 2686 caeca
602 2634 743 2686 decentior
751 2631 901 2685 Philaenis.

601 2742 636 2782 2³.
660 2738 692 2781 In
711 2737 844 2781 Laelia-r.

390 2826 465 2879 tibur
476 2839 557 2899 atque
568 2833 662 2895 cornis,
673 2837 760 2884 necte
770 2831 862 2898 pudet,
876 2834 965 2886 uteris
976 2843 1067 2891 omna

255 2827 439 3029 qd
448 2902 535 2960 iacies
547 2908 637 2973 ocido,
646 2905 761 2958 Laeliai
779 2905 842 2959 Non
853 2908 963 2960 enimn.
