2750 3450
362 382 413 435 192
655 381 866 429 monuistis

363 509 399 561 st
407 514 438 559 tu
447 507 573 558 Romano
584 505 692 572 lepidos
702 503 760 555 sale
769 505 844 571 tinge
854 504 984 557 libellos=

401 589 535 651 agnoscat
543 595 634 630 mores
643 580 702 630 vita
712 579 838 645 legatque
850 595 926 630 suos.

363 659 485 725 Augusta
496 661 606 707 cantare
616 654 682 704 licet
692 654 811 704 ridearis
823 669 920 716 avena,

401 733 465 783 dum
474 737 523 781 tua
532 728 678 780 multorum
693 728 786 778 vincat
796 743 883 780 avena
892 728 986 781 tubas.

363 824 384 863 4,
413 819 453 861 Ao
478 819 628 859 Caesarem
652 817 856 883 Domitianum,
887 815 932 859 vel
958 822 988 860 ut
1012 815 1078 868 elit,
1101 828 1104 850 ¹

280 982 283 987 .
366 942 498 1005 Quantus,
509 943 548 1003 io,
559 941 656 994 Latias
666 939 760 990 muudi
771 946 921 990 conventus
933 939 970 990 ad
981 955 1046 993 aras

401 1018 519 1084 suscipit
528 1023 555 1066 et
564 1016 649 1069 solvit
657 1030 709 1080 pro
721 1014 788 1064 duce
798 1021 865 1064 vota
875 1012 942 1065 suol

363 1091 426 1145 Nou
437 1099 500 1143 sunt
510 1090 578 1142 haec
588 1091 736 1151 homiuum,
752 1086 924 1151 Germanice,
938 1089 1104 1157 gaudiataut

400 1167 449 1218 sed
460 1165 566 1217 iaciunt
574 1167 630 1233 ipsi
638 1180 719 1227 nuuc,
730 1168 806 1230 puto,
818 1178 899 1214 sacra
908 1163 964 1215 dei.

645 1256 665 1294 5,
691 1250 729 1292 Ad
751 1251 878 1293 Macrum.

472 1320 544 1372 Dum
556 1321 653 1384 donas,
663 1320 767 1382 Macer,
779 1319 896 1371 annulos
905 1321 1024 1389 puellis3

473 1396 579 1459 desisti,
589 1395 693 1459 Macer,
708 1393 824 1446 annulos
833 1392 945 1451 habere.

655 1486 676 1526 d.
698 1481 730 1524 Iu
748 1482 874 1525 Enetum.

364 1547 528 1616 Archetypls
538 1549 624 1601 vetuli
633 1548 703 1601 nihil
713 1557 755 1600 est
765 1549 891 1601 odiosius
901 1549 996 1617 Eucti,
1071 1574 1074 1583 ·

403 1624 481 1689 (licta
491 1622 643 1692 Saguntino
655 1625 766 1691 cymbia
775 1625 849 1676 malo
863 1622 936 1689 luto)

365 1701 472 1768 argenti
486 1698 594 1752 furiosa
603 1700 647 1752 sui
657 1715 717 1752 cum
728 1704 874 1751 stemmata
886 1707 986 1754 namt

401 1776 537 1844 garrulus,
548 1779 576 1827 et
585 1776 676 1827 verbis
685 1775 796 1827 mucida
805 1776 871 1826 vina
881 1775 959 1828 lacit.

364 1849 590 1903 Laomedonteae
599 1850 710 1902 fueraut
719 1847 788 1901 hoec
798 1851 900 1917 pocula
910 1867 1038 1905 mensae·

401 1925 485 1978 ferret
495 1931 525 1977 ut
536 1925 612 1989 haec,
623 1941 717 1976 muros
727 1926 828 1976 struxit
836 1925 938 1992 Apollo
948 1927 1023 1993 lyra.

365 2001 427 2052 lloc
439 2007 543 2053 cratere
553 2000 633 2052 lerox
643 2001 782 2052 commisit
794 2000 902 2067 proelia
912 1999 1043 2056 lihaecus

402 2092 462 2127 cum
474 2073 615 2142 Lapithis:
630 2090 723 2143 pugna
733 2073 823 2126 debile
834 2076 924 2127 cernis
935 2091 1018 2145 opus.

365 2150 404 2202 l·li
415 2153 470 2203 duo
482 2151 618 2218 longaevo
630 2156 772 2202 censentur
781 2148 899 2202 Nestore
909 2149 1013 2204 fuudle'

402 2227 504 2294 pollice
515 2224 549 2276 de
559 2224 641 2292 Pylio
651 2226 719 2276 trita
729 2225 857 2276 columba
866 2226 946 2277 nitet.

364 2301 420 2353 llic
430 2300 551 2368 scyphus
562 2306 611 2363 est,
621 2302 650 2351 in
661 2316 716 2367 quo
727 2301 838 2352 misceri
846 2301 930 2352 iussit
939 2303 1040 2358 amicis

402 2378 507 2444 largius
518 2375 651 2426 Aeacides
663 2376 837 2442 vividiusque
847 2391 964 2428 merom.

365 2451 427 2504 llac
437 2451 596 2518 propinavit
604 2450 706 2517 Bytiae
716 2449 901 2517 pulcherrima
909 2449 989 2505 Dido

401 2528 430 2578 iu
441 2533 546 2593 patera,
559 2524 681 2593 Phrygio
693 2542 753 2576 cum
764 2524 830 2577 dota
841 2541 930 2579 coena
940 2528 1003 2582 vlro
1015 2533 1064 2584 est

365 2600 483 2653 Miratus
493 2600 578 2651 fueris
592 2616 652 2651 cum
663 2601 756 2667 prisca
765 2606 923 2654 toreumata
931 2604 1060 2672 multem,

402 2678 431 2726 iu
442 2675 544 2727 Priami
556 2674 664 2743 cyathis
674 2677 845 2744 ,lstyauaeta
852 2676 943 2731 bibet

656 2768 676 2806 l.
702 2762 731 2805 lu
752 2764 875 2807 cinon.

365 2832 429 2885 lloc
441 2847 522 2900 agere
532 2838 574 2883 est
583 2846 691 2896 causas,
702 2830 755 2883 hoc
765 2830 866 2894 dicere,
878 2831 981 2898 etms,
992 2833 1093 2898 M

399 2907 489 2974 loris,
501 2906 599 2972 cinna,
609 2907 705 2961 decem
714 2907 804 2959 dicere
813 2906 900 2959 rerba
907 2907 1028 2964 comt
