<?xml version="1.0" encoding="UTF-8"?>
<!DOCTYPE html PUBLIC "-//W3C//DTD XHTML 1.0 Transitional//EN"
    "http://www.w3.org/TR/xhtml1/DTD/xhtml1-transitional.dtd">
<html xmlns="http://www.w3.org/1999/xhtml" xml:lang="en" lang="en">
 <head>
  <title>
</title>
<meta http-equiv="Content-Type" content="text/html;charset=utf-8" />
  <meta name='ocr-system' content='tesseract 3.04.00' />
  <meta name='ocr-capabilities' content='ocr_page ocr_carea ocr_par ocr_line ocrx_word'/>
</head>
<body>
  <div class='ocr_page' id='page_1' title='image "./mvaleriimartial03martgoog_0197.png"; bbox 0 0 2750 3450; ppageno 0'>
   <div class='ocr_carea' id='block_1_1' title="bbox 294 682 989 756">
    <p class='ocr_par' dir='ltr' id='par_1_1' title="bbox 294 682 989 756">
     <span class='ocr_line' id='line_1_1' title="bbox 294 682 989 756; baseline 0.003 -22"><span class='ocrx_word' id='word_1_1' title='bbox 294 749 297 756; x_wconf 24' lang='grc' dir='ltr'>ἱ</span> <span class='ocrx_word' id='word_1_2' title='bbox 317 683 371 735; x_wconf 82' lang='lat' dir='ltr'>Sex</span> <span class='ocrx_word' id='word_1_3' title='bbox 383 682 450 733; x_wconf 91' lang='lat' dir='ltr'><strong>mihi</strong></span> <span class='ocrx_word' id='word_1_4' title='bbox 460 684 493 734; x_wconf 85' lang='lat' dir='ltr'>de</span> <span class='ocrx_word' id='word_1_5' title='bbox 503 686 592 750; x_wconf 89' lang='lat' dir='ltr'>prima</span> <span class='ocrx_word' id='word_1_6' title='bbox 602 685 715 745; x_wconf 85' lang='lat' dir='ltr'>deerant</span> <span class='ocrx_word' id='word_1_7' title='bbox 723 685 863 735; x_wconf 86' lang='lat' dir='ltr'>trieteride</span> <span class='ocrx_word' id='word_1_8' title='bbox 873 700 989 748; x_wconf 88' lang='lat' dir='ltr'>menses,</span> 
     </span>
    </p>
   </div>
   <div class='ocr_carea' id='block_1_2' title="bbox 315 268 1111 407">
    <p class='ocr_par' dir='ltr' id='par_1_2' title="bbox 315 268 1111 423">
     <span class='ocr_line' id='line_1_2' title="bbox 315 268 1111 407; baseline 0 -21"><span class='ocrx_word' id='word_1_9' title='bbox 315 337 364 387; x_wconf 78' lang='lat'>188</span> <span class='ocrx_word' id='word_1_10' title='bbox 604 339 816 386; x_wconf 78' lang='lat' dir='ltr'>mnnrmnrs</span> <span class='ocrx_word' id='word_1_11' title='bbox 1075 322 1077 327; x_wconf 84' lang='lat'>&#39;</span> <span class='ocrx_word' id='word_1_12' title='bbox 1102 268 1111 407; x_wconf 74' lang='lat' dir='ltr'><strong>l</strong></span> 
     </span>
    </p>
   </div>
   <div class='ocr_carea' id='block_1_3' title="bbox 317 437 1160 1123">
    <p class='ocr_par' dir='ltr' id='par_1_3' title="bbox 317 437 1160 1123">
     <span class='ocr_line' id='line_1_3' title="bbox 478 437 1160 514; baseline 0.006 -15"><span class='ocrx_word' id='word_1_13' title='bbox 478 460 512 500; x_wconf 80' lang='grc'>96.</span> <span class='ocrx_word' id='word_1_14' title='bbox 534 458 717 513; x_wconf 73' lang='lat' dir='ltr'><strong>Epitaphium</strong></span> <span class='ocrx_word' id='word_1_15' title='bbox 738 459 835 501; x_wconf 84' lang='lat' dir='ltr'>Urhiei</span> <span class='ocrx_word' id='word_1_16' title='bbox 856 460 947 514; x_wconf 81' lang='lat' dir='ltr'>puori.</span> <span class='ocrx_word' id='word_1_17' title='bbox 1114 437 1160 495; x_wconf 57' lang='lat' dir='ltr'>filil</span> 
     </span>
     <span class='ocr_line' id='line_1_4' title="bbox 317 512 1160 602; baseline 0.004 -18"><span class='ocrx_word' id='word_1_18' title='bbox 317 534 448 585; x_wconf 85' lang='lat' dir='ltr'>Conditus</span> <span class='ocrx_word' id='word_1_19' title='bbox 458 532 504 586; x_wconf 88' lang='lat' dir='ltr'><strong>hic</strong></span> <span class='ocrx_word' id='word_1_20' title='bbox 514 551 564 602; x_wconf 88' lang='lat' dir='ltr'>ego</span> <span class='ocrx_word' id='word_1_21' title='bbox 576 552 633 585; x_wconf 88' lang='lat' dir='ltr'>sum</span> <span class='ocrx_word' id='word_1_22' title='bbox 643 535 725 586; x_wconf 90' lang='lat' dir='ltr'>Bassi</span> <span class='ocrx_word' id='word_1_23' title='bbox 736 534 825 597; x_wconf 87' lang='lat' dir='ltr'>dolor,</span> <span class='ocrx_word' id='word_1_24' title='bbox 835 534 953 587; x_wconf 82' lang='lat' dir='ltr'>Urbicus</span> <span class='ocrx_word' id='word_1_25' title='bbox 964 534 1054 587; x_wconf 71' lang='lat' dir='ltr'>minna</span> <span class='ocrx_word' id='word_1_26' title='bbox 1111 540 1113 545; x_wconf 89' lang='lat'>&#39;</span> <span class='ocrx_word' id='word_1_27' title='bbox 1141 512 1160 564; x_wconf 66' lang='lat' dir='ltr'>ll</span> 
     </span>
     <span class='ocr_line' id='line_1_5' title="bbox 354 609 964 675; baseline 0.002 -17"><span class='ocrx_word' id='word_1_28' title='bbox 354 611 397 659; x_wconf 87' lang='lat' dir='ltr'>oni</span> <span class='ocrx_word' id='word_1_29' title='bbox 407 624 490 675; x_wconf 84' lang='lat' dir='ltr'>genus</span> <span class='ocrx_word' id='word_1_30' title='bbox 502 615 528 660; x_wconf 91' lang='lat' dir='ltr'>et</span> <span class='ocrx_word' id='word_1_31' title='bbox 538 625 635 660; x_wconf 93' lang='lat' dir='ltr'>nomen</span> <span class='ocrx_word' id='word_1_32' title='bbox 647 610 766 659; x_wconf 85' lang='lat' dir='ltr'>maxima</span> <span class='ocrx_word' id='word_1_33' title='bbox 780 609 869 660; x_wconf 87' lang='lat' dir='ltr'>Roma</span> <span class='ocrx_word' id='word_1_34' title='bbox 879 611 964 661; x_wconf 85' lang='lat' dir='ltr'>dedit.</span> 
     </span>
     <span class='ocr_line' id='line_1_6' title="bbox 353 735 1160 824; baseline 0.002 -16"><span class='ocrx_word' id='word_1_35' title='bbox 353 764 484 824; x_wconf 90' lang='lat' dir='ltr'>ruperunt</span> <span class='ocrx_word' id='word_1_36' title='bbox 492 761 605 809; x_wconf 86' lang='lat' dir='ltr'>tetricae</span> <span class='ocrx_word' id='word_1_37' title='bbox 616 775 676 809; x_wconf 90' lang='lat' dir='ltr'>cum</span> <span class='ocrx_word' id='word_1_38' title='bbox 686 759 761 808; x_wconf 88' lang='lat' dir='ltr'>mala</span> <span class='ocrx_word' id='word_1_39' title='bbox 771 774 855 824; x_wconf 90' lang='lat' dir='ltr'>pensa</span> <span class='ocrx_word' id='word_1_40' title='bbox 866 759 943 810; x_wconf 86' lang='lat' dir='ltr'>deae.</span> <span class='ocrx_word' id='word_1_41' title='bbox 1124 735 1160 788; x_wconf 58' lang='grc' dir='ltr'>ΡΜ</span> 
     </span>
     <span class='ocr_line' id='line_1_7' title="bbox 319 823 1160 900; baseline -0.005 -17"><span class='ocrx_word' id='word_1_42' title='bbox 319 833 390 895; x_wconf 79' lang='lat' dir='ltr'>Quid</span> <span class='ocrx_word' id='word_1_43' title='bbox 401 835 514 898; x_wconf 87' lang='lat' dir='ltr'>species,</span> <span class='ocrx_word' id='word_1_44' title='bbox 526 834 591 900; x_wconf 88' lang='lat' dir='ltr'>quid</span> <span class='ocrx_word' id='word_1_45' title='bbox 600 834 695 900; x_wconf 87' lang='lat' dir='ltr'>lingna</span> <span class='ocrx_word' id='word_1_46' title='bbox 705 831 781 894; x_wconf 86' lang='lat' dir='ltr'><strong>mihi,</strong></span> <span class='ocrx_word' id='word_1_47' title='bbox 794 834 859 898; x_wconf 89' lang='lat' dir='ltr'>quid</span> <span class='ocrx_word' id='word_1_48' title='bbox 870 833 977 899; x_wconf 83' lang='lat' dir='ltr'><strong>profuit</strong></span> <span class='ocrx_word' id='word_1_49' title='bbox 987 830 1068 885; x_wconf 70' lang='lat' dir='ltr'>aetas*¹</span> <span class='ocrx_word' id='word_1_50' title='bbox 1156 823 1160 857; x_wconf 69' lang='lat' dir='ltr'><strong>l</strong></span> 
     </span>
     <span class='ocr_line' id='line_1_8' title="bbox 354 900 1160 974; baseline 0.004 -18"><span class='ocrx_word' id='word_1_51' title='bbox 354 907 399 957; x_wconf 85' lang='lat' dir='ltr'>Da</span> <span class='ocrx_word' id='word_1_52' title='bbox 409 907 536 959; x_wconf 84' lang='lat' dir='ltr'>lacrimas</span> <span class='ocrx_word' id='word_1_53' title='bbox 546 908 660 970; x_wconf 90' lang='lat' dir='ltr'>tumulo,</span> <span class='ocrx_word' id='word_1_54' title='bbox 671 909 718 974; x_wconf 91' lang='lat' dir='ltr'>qui</span> <span class='ocrx_word' id='word_1_55' title='bbox 728 907 797 973; x_wconf 82' lang='lat' dir='ltr'>legis</span> <span class='ocrx_word' id='word_1_56' title='bbox 807 909 870 970; x_wconf 88' lang='lat' dir='ltr'>ista,</span> <span class='ocrx_word' id='word_1_57' title='bbox 881 923 952 959; x_wconf 90' lang='lat' dir='ltr'>meo.</span> <span class='ocrx_word' id='word_1_58' title='bbox 1148 900 1160 934; x_wconf 81' lang='lat'><strong>⁰</strong></span> 
     </span>
     <span class='ocr_line' id='line_1_9' title="bbox 318 981 962 1045; baseline 0.003 -13"><span class='ocrx_word' id='word_1_59' title='bbox 318 982 363 1033; x_wconf 83' lang='lat' dir='ltr'><strong>Sic</strong></span> <span class='ocrx_word' id='word_1_60' title='bbox 374 983 409 1032; x_wconf 85' lang='lat' dir='ltr'>ad</span> <span class='ocrx_word' id='word_1_61' title='bbox 419 981 564 1044; x_wconf 83' lang='lat' dir='ltr'>Lethaeas,</span> <span class='ocrx_word' id='word_1_62' title='bbox 575 984 628 1033; x_wconf 92' lang='lat' dir='ltr'>nisi</span> <span class='ocrx_word' id='word_1_63' title='bbox 639 981 755 1032; x_wconf 80' lang='lat' dir='ltr'>Nestore</span> <span class='ocrx_word' id='word_1_64' title='bbox 766 982 862 1045; x_wconf 85' lang='lat' dir='ltr'>serior,</span> <span class='ocrx_word' id='word_1_65' title='bbox 873 983 962 1034; x_wconf 88' lang='lat' dir='ltr'>undas</span> 
     </span>
     <span class='ocr_line' id='line_1_10' title="bbox 353 1056 907 1123; baseline 0 -17"><span class='ocrx_word' id='word_1_66' title='bbox 353 1073 409 1107; x_wconf 90' lang='lat' dir='ltr'>non</span> <span class='ocrx_word' id='word_1_67' title='bbox 419 1063 472 1119; x_wconf 90' lang='lat' dir='ltr'>eat,</span> <span class='ocrx_word' id='word_1_68' title='bbox 486 1058 595 1122; x_wconf 89' lang='lat' dir='ltr'>optabis</span> <span class='ocrx_word' id='word_1_69' title='bbox 606 1072 684 1123; x_wconf 89' lang='lat' dir='ltr'>quem</span> <span class='ocrx_word' id='word_1_70' title='bbox 695 1071 836 1122; x_wconf 79' lang='lat' dir='ltr'>superesse</span> <span class='ocrx_word' id='word_1_71' title='bbox 845 1056 907 1107; x_wconf 88' lang='lat' dir='ltr'><strong>tibi.</strong></span> 
     </span>
    </p>
   </div>
   <div class='ocr_carea' id='block_1_4' title="bbox 414 1159 1016 1203">
    <p class='ocr_par' dir='ltr' id='par_1_4' title="bbox 414 1159 1016 1203">
     <span class='ocr_line' id='line_1_11' title="bbox 414 1159 1016 1203; baseline 0 0"><span class='ocrx_word' id='word_1_72' title='bbox 414 1165 447 1203; x_wconf 65' lang='lat'>91.</span> <span class='ocrx_word' id='word_1_73' title='bbox 468 1161 506 1201; x_wconf 73' lang='lat' dir='ltr'>,tn</span> <span class='ocrx_word' id='word_1_74' title='bbox 527 1161 627 1202; x_wconf 74' lang='lat' dir='ltr'>librom</span> <span class='ocrx_word' id='word_1_75' title='bbox 644 1175 719 1202; x_wconf 86' lang='lat' dir='ltr'>sunm</span> <span class='ocrx_word' id='word_1_76' title='bbox 736 1160 767 1202; x_wconf 77' lang='lat' dir='ltr'>ts</span> <span class='ocrx_word' id='word_1_77' title='bbox 784 1159 884 1202; x_wconf 76' lang='lat' dir='ltr'>Cresio</span> <span class='ocrx_word' id='word_1_78' title='bbox 900 1159 1016 1203; x_wconf 79' lang='lat' dir='ltr'>Sabino.</span> 
     </span>
    </p>
   </div>
   <div class='ocr_carea' id='block_1_5' title="bbox 409 1236 990 2202">
    <p class='ocr_par' dir='ltr' id='par_1_5' title="bbox 409 1236 963 1828">
     <span class='ocr_line' id='line_1_12' title="bbox 409 1236 861 1300; baseline -0.004 -12"><span class='ocrx_word' id='word_1_79' title='bbox 409 1237 491 1288; x_wconf 84' lang='lat' dir='ltr'>Nosti</span> <span class='ocrx_word' id='word_1_80' title='bbox 501 1239 602 1288; x_wconf 90' lang='lat' dir='ltr'>sibene</span> <span class='ocrx_word' id='word_1_81' title='bbox 614 1238 749 1298; x_wconf 85' lang='lat' dir='ltr'>Caesium,</span> <span class='ocrx_word' id='word_1_82' title='bbox 760 1236 861 1300; x_wconf 85' lang='lat' dir='ltr'><strong>libelle,</strong></span> 
     </span>
     <span class='ocr_line' id='line_1_13' title="bbox 410 1310 940 1374; baseline -0.002 -11"><span class='ocrx_word' id='word_1_83' title='bbox 410 1318 555 1363; x_wconf 81' lang='lat' dir='ltr'><strong>montanae</strong></span> <span class='ocrx_word' id='word_1_84' title='bbox 566 1313 647 1363; x_wconf 88' lang='lat' dir='ltr'>deons</span> <span class='ocrx_word' id='word_1_85' title='bbox 658 1312 786 1362; x_wconf 83' lang='lat' dir='ltr'>Umbriae</span> <span class='ocrx_word' id='word_1_86' title='bbox 799 1310 940 1374; x_wconf 88' lang='lat' dir='ltr'>Sabinum,</span> 
     </span>
     <span class='ocr_line' id='line_1_14' title="bbox 409 1386 860 1453; baseline -0.007 -15"><span class='ocrx_word' id='word_1_87' title='bbox 409 1387 471 1438; x_wconf 78' lang='lat' dir='ltr'>Auli</span> <span class='ocrx_word' id='word_1_88' title='bbox 482 1388 644 1453; x_wconf 83' lang='lat' dir='ltr'>municipem</span> <span class='ocrx_word' id='word_1_89' title='bbox 654 1388 708 1436; x_wconf 91' lang='lat' dir='ltr'>mei</span> <span class='ocrx_word' id='word_1_90' title='bbox 717 1386 860 1448; x_wconf 81' lang='lat' dir='ltr'>Pudentis3</span> 
     </span>
     <span class='ocr_line' id='line_1_15' title="bbox 409 1460 874 1526; baseline -0.004 -15"><span class='ocrx_word' id='word_1_91' title='bbox 409 1462 451 1512; x_wconf 91' lang='lat' dir='ltr'><strong>illi</strong></span> <span class='ocrx_word' id='word_1_92' title='bbox 461 1467 491 1512; x_wconf 92' lang='lat' dir='ltr'>tu</span> <span class='ocrx_word' id='word_1_93' title='bbox 501 1462 579 1512; x_wconf 85' lang='lat' dir='ltr'>dabis</span> <span class='ocrx_word' id='word_1_94' title='bbox 590 1460 666 1524; x_wconf 87' lang='lat' dir='ltr'>haee,</span> <span class='ocrx_word' id='word_1_95' title='bbox 677 1461 719 1512; x_wconf 93' lang='lat' dir='ltr'>vel</span> <span class='ocrx_word' id='word_1_96' title='bbox 731 1466 874 1526; x_wconf 83' lang='lat' dir='ltr'>occupato.</span> 
     </span>
     <span class='ocr_line' id='line_1_16' title="bbox 410 1537 963 1603; baseline -0.002 -16"><span class='ocrx_word' id='word_1_97' title='bbox 410 1537 514 1588; x_wconf 85' lang='lat' dir='ltr'>lnstent</span> <span class='ocrx_word' id='word_1_98' title='bbox 523 1537 597 1587; x_wconf 87' lang='lat' dir='ltr'>mille</span> <span class='ocrx_word' id='word_1_99' title='bbox 607 1537 672 1588; x_wconf 89' lang='lat' dir='ltr'>lieet</span> <span class='ocrx_word' id='word_1_100' title='bbox 680 1541 857 1603; x_wconf 88' lang='lat' dir='ltr'>premantque</span> <span class='ocrx_word' id='word_1_101' title='bbox 872 1550 963 1599; x_wconf 84' lang='lat' dir='ltr'>curae,</span> 
     </span>
     <span class='ocr_line' id='line_1_17' title="bbox 410 1612 919 1663; baseline -0.006 0"><span class='ocrx_word' id='word_1_102' title='bbox 410 1613 511 1663; x_wconf 89' lang='lat' dir='ltr'>nostris</span> <span class='ocrx_word' id='word_1_103' title='bbox 523 1612 686 1663; x_wconf 80' lang='lat' dir='ltr'>carminibus</span> <span class='ocrx_word' id='word_1_104' title='bbox 699 1616 789 1662; x_wconf 91' lang='lat' dir='ltr'>tamen</span> <span class='ocrx_word' id='word_1_105' title='bbox 799 1612 919 1662; x_wconf 83' lang='lat' dir='ltr'>vacabit.</span> 
     </span>
     <span class='ocr_line' id='line_1_18' title="bbox 410 1687 918 1754; baseline 0 -15"><span class='ocrx_word' id='word_1_106' title='bbox 410 1687 479 1739; x_wconf 91' lang='lat' dir='ltr'>Nam</span> <span class='ocrx_word' id='word_1_107' title='bbox 490 1704 531 1740; x_wconf 89' lang='lat' dir='ltr'>me</span> <span class='ocrx_word' id='word_1_108' title='bbox 542 1688 633 1754; x_wconf 84' lang='lat' dir='ltr'><strong>diligit</strong></span> <span class='ocrx_word' id='word_1_109' title='bbox 642 1687 699 1750; x_wconf 86' lang='lat' dir='ltr'>ille,</span> <span class='ocrx_word' id='word_1_110' title='bbox 710 1687 918 1754; x_wconf 83' lang='lat' dir='ltr'>proximumque</span> 
     </span>
     <span class='ocr_line' id='line_1_19' title="bbox 411 1762 846 1828; baseline -0.005 -15"><span class='ocrx_word' id='word_1_111' title='bbox 411 1766 497 1815; x_wconf 89' lang='lat' dir='ltr'>Turni</span> <span class='ocrx_word' id='word_1_112' title='bbox 507 1763 644 1815; x_wconf 89' lang='lat' dir='ltr'>nobilibus</span> <span class='ocrx_word' id='word_1_113' title='bbox 654 1762 727 1828; x_wconf 86' lang='lat' dir='ltr'>leget</span> <span class='ocrx_word' id='word_1_114' title='bbox 736 1762 846 1812; x_wconf 90' lang='lat' dir='ltr'>libellis.</span> 
     </span>
    </p>

    <p class='ocr_par' dir='ltr' id='par_1_6' title="bbox 329 1834 990 2202">
     <span class='ocr_line' id='line_1_20' title="bbox 412 1834 916 1905; baseline -0.009 -15.707"><span class='ocrx_word' id='word_1_115' title='bbox 412 1839 434 1889; x_wconf 91' lang='grc' dir='ltr'><strong>Ο</strong></span> <span class='ocrx_word' id='word_1_116' title='bbox 446 1845 573 1905; x_wconf 87' lang='lat' dir='ltr'>qnantum</span> <span class='ocrx_word' id='word_1_117' title='bbox 584 1837 650 1888; x_wconf 84' lang='lat' dir='ltr'><strong>mihi</strong></span> <span class='ocrx_word' id='word_1_118' title='bbox 661 1837 781 1887; x_wconf 90' lang='lat' dir='ltr'>nominis</span> <span class='ocrx_word' id='word_1_119' title='bbox 791 1834 916 1902; x_wconf 87' lang='lat' dir='ltr'>paratur!</span> 
     </span>
     <span class='ocr_line' id='line_1_21' title="bbox 411 1910 990 1980; baseline -0.005 -16"><span class='ocrx_word' id='word_1_120' title='bbox 411 1931 426 1965; x_wconf 94' lang='lat' dir='ltr'>o</span> <span class='ocrx_word' id='word_1_121' title='bbox 439 1930 507 1980; x_wconf 89' lang='lat' dir='ltr'>qnae</span> <span class='ocrx_word' id='word_1_122' title='bbox 516 1910 619 1980; x_wconf 86' lang='lat' dir='ltr'>glorial</span> <span class='ocrx_word' id='word_1_123' title='bbox 640 1928 721 1979; x_wconf 91' lang='lat' dir='ltr'>quam</span> <span class='ocrx_word' id='word_1_124' title='bbox 731 1910 857 1978; x_wconf 81' lang='lat' dir='ltr'>frequens</span> <span class='ocrx_word' id='word_1_125' title='bbox 868 1914 990 1967; x_wconf 85' lang='lat' dir='ltr'>amator!</span> 
     </span>
     <span class='ocr_line' id='line_1_22' title="bbox 410 1977 861 2049; baseline -0.009 -11"><span class='ocrx_word' id='word_1_126' title='bbox 410 1990 449 2039; x_wconf 88' lang='lat' dir='ltr'>Te</span> <span class='ocrx_word' id='word_1_127' title='bbox 461 1990 594 2049; x_wconf 85' lang='lat' dir='ltr'>convivia,</span> <span class='ocrx_word' id='word_1_128' title='bbox 605 1987 731 2038; x_wconf 80' lang='lat' dir='ltr'>telorum</span> <span class='ocrx_word' id='word_1_129' title='bbox 743 1977 861 2048; x_wconf 78' lang='lat' dir='ltr'>sonabit,</span> 
     </span>
     <span class='ocr_line' id='line_1_23' title="bbox 411 2062 930 2127; baseline -0.004 -15"><span class='ocrx_word' id='word_1_130' title='bbox 411 2064 499 2123; x_wconf 87' lang='lat' dir='ltr'>aedes,</span> <span class='ocrx_word' id='word_1_131' title='bbox 511 2064 639 2127; x_wconf 86' lang='lat' dir='ltr'>compita,</span> <span class='ocrx_word' id='word_1_132' title='bbox 649 2063 780 2127; x_wconf 87' lang='lat' dir='ltr'>porticus,</span> <span class='ocrx_word' id='word_1_133' title='bbox 790 2062 930 2111; x_wconf 84' lang='lat' dir='ltr'>tabernae.</span> 
     </span>
     <span class='ocr_line' id='line_1_24' title="bbox 409 2136 850 2202; baseline -0.002 -16"><span class='ocrx_word' id='word_1_134' title='bbox 409 2136 462 2187; x_wconf 92' lang='lat' dir='ltr'>Uni</span> <span class='ocrx_word' id='word_1_135' title='bbox 471 2137 595 2198; x_wconf 88' lang='lat' dir='ltr'>mitteris,</span> <span class='ocrx_word' id='word_1_136' title='bbox 607 2137 732 2186; x_wconf 87' lang='lat' dir='ltr'>omnibus</span> <span class='ocrx_word' id='word_1_137' title='bbox 742 2136 850 2202; x_wconf 87' lang='lat' dir='ltr'>legeris.</span> 
     </span>
    </p>
   </div>
   <div class='ocr_carea' id='block_1_6' title="bbox 576 2240 850 2282">
    <p class='ocr_par' dir='ltr' id='par_1_7' title="bbox 576 2240 850 2282">
     <span class='ocr_line' id='line_1_25' title="bbox 576 2240 850 2282; baseline -0.004 -1"><span class='ocrx_word' id='word_1_138' title='bbox 576 2243 609 2282; x_wconf 80' lang='lat'>98.</span> <span class='ocrx_word' id='word_1_139' title='bbox 634 2240 673 2281; x_wconf 80' lang='lat' dir='ltr'>Ad</span> <span class='ocrx_word' id='word_1_140' title='bbox 698 2242 850 2282; x_wconf 72' lang='lat' dir='ltr'>Castorem.</span> 
     </span>
    </p>
   </div>
   <div class='ocr_carea' id='block_1_7' title="bbox 317 2316 1065 2914">
    <p class='ocr_par' dir='ltr' id='par_1_8' title="bbox 317 2316 1025 2459">
     <span class='ocr_line' id='line_1_26' title="bbox 317 2316 1025 2382; baseline -0.006 -12"><span class='ocrx_word' id='word_1_141' title='bbox 317 2320 424 2382; x_wconf 75' lang='lat' dir='ltr'>Ouinia,</span> <span class='ocrx_word' id='word_1_142' title='bbox 437 2318 543 2380; x_wconf 83' lang='lat' dir='ltr'>Castor,</span> <span class='ocrx_word' id='word_1_143' title='bbox 554 2318 634 2368; x_wconf 89' lang='lat' dir='ltr'>emis:</span> <span class='ocrx_word' id='word_1_144' title='bbox 651 2318 693 2368; x_wconf 87' lang='lat' dir='ltr'>sio</span> <span class='ocrx_word' id='word_1_145' title='bbox 703 2317 757 2380; x_wconf 87' lang='lat' dir='ltr'>flet,</span> <span class='ocrx_word' id='word_1_146' title='bbox 767 2321 798 2367; x_wconf 90' lang='lat' dir='ltr'>ut</span> <span class='ocrx_word' id='word_1_147' title='bbox 808 2316 901 2367; x_wconf 88' lang='lat' dir='ltr'>omnia</span> <span class='ocrx_word' id='word_1_148' title='bbox 913 2316 1025 2368; x_wconf 84' lang='lat' dir='ltr'>vendas.</span> 
     </span>
     <span class='ocr_line' id='line_1_27' title="bbox 567 2405 854 2459; baseline -0.017 -10"><span class='ocrx_word' id='word_1_149' title='bbox 567 2409 601 2449; x_wconf 75' lang='lat'>99.</span> <span class='ocrx_word' id='word_1_150' title='bbox 626 2405 665 2454; x_wconf 29' lang='lat' dir='ltr'>*tn</span> <span class='ocrx_word' id='word_1_151' title='bbox 685 2406 854 2459; x_wconf 81' lang='lat' dir='ltr'>Crispinum.</span> 
     </span>
    </p>

    <p class='ocr_par' dir='ltr' id='par_1_9' title="bbox 317 2474 1065 2617">
     <span class='ocr_line' id='line_1_28' title="bbox 317 2474 1065 2542; baseline -0.001 -15"><span class='ocrx_word' id='word_1_152' title='bbox 317 2475 364 2528; x_wconf 86' lang='lat' dir='ltr'><strong>Sic</strong></span> <span class='ocrx_word' id='word_1_153' title='bbox 374 2476 511 2541; x_wconf 87' lang='lat' dir='ltr'>placidum</span> <span class='ocrx_word' id='word_1_154' title='bbox 522 2477 614 2526; x_wconf 88' lang='lat' dir='ltr'>videas</span> <span class='ocrx_word' id='word_1_155' title='bbox 625 2491 739 2542; x_wconf 82' lang='lat' dir='ltr'>semper,</span> <span class='ocrx_word' id='word_1_156' title='bbox 750 2474 883 2540; x_wconf 77' lang='lat' dir='ltr'>crispine,</span> <span class='ocrx_word' id='word_1_157' title='bbox 899 2474 1065 2538; x_wconf 70' lang='lat' dir='ltr'>Tonantem</span> 
     </span>
     <span class='ocr_line' id='line_1_29' title="bbox 353 2547 1038 2617; baseline 0.001 -18"><span class='ocrx_word' id='word_1_158' title='bbox 353 2567 403 2601; x_wconf 87' lang='lat' dir='ltr'>neo</span> <span class='ocrx_word' id='word_1_159' title='bbox 413 2558 439 2600; x_wconf 91' lang='lat' dir='ltr'>te</span> <span class='ocrx_word' id='word_1_160' title='bbox 450 2550 537 2602; x_wconf 87' lang='lat' dir='ltr'>Roma</span> <span class='ocrx_word' id='word_1_161' title='bbox 547 2552 643 2613; x_wconf 81' lang='lat' dir='ltr'>nunus,</span> <span class='ocrx_word' id='word_1_162' title='bbox 655 2566 735 2617; x_wconf 87' lang='lat' dir='ltr'>qnam</span> <span class='ocrx_word' id='word_1_163' title='bbox 747 2557 795 2601; x_wconf 88' lang='lat' dir='ltr'>tna</span> <span class='ocrx_word' id='word_1_164' title='bbox 806 2547 943 2615; x_wconf 85' lang='lat' dir='ltr'>Memphis</span> <span class='ocrx_word' id='word_1_165' title='bbox 954 2557 1038 2602; x_wconf 80' lang='lat' dir='ltr'>amet:</span> 
     </span>
    </p>

    <p class='ocr_par' dir='ltr' id='par_1_10' title="bbox 317 2624 992 2766">
     <span class='ocr_line' id='line_1_30' title="bbox 317 2624 992 2691; baseline 0.001 -16"><span class='ocrx_word' id='word_1_166' title='bbox 317 2627 438 2675; x_wconf 87' lang='lat' dir='ltr'>earmina</span> <span class='ocrx_word' id='word_1_167' title='bbox 448 2624 597 2675; x_wconf 86' lang='lat' dir='ltr'>Parrhasia</span> <span class='ocrx_word' id='word_1_168' title='bbox 606 2626 630 2675; x_wconf 91' lang='lat' dir='ltr'>si</span> <span class='ocrx_word' id='word_1_169' title='bbox 640 2631 735 2676; x_wconf 91' lang='lat' dir='ltr'>nostra</span> <span class='ocrx_word' id='word_1_170' title='bbox 745 2626 867 2691; x_wconf 85' lang='lat' dir='ltr'>legentur</span> <span class='ocrx_word' id='word_1_171' title='bbox 877 2624 907 2673; x_wconf 91' lang='lat' dir='ltr'>in</span> <span class='ocrx_word' id='word_1_172' title='bbox 918 2625 992 2689; x_wconf 89' lang='lat' dir='ltr'>aula,</span> 
     </span>
     <span class='ocr_line' id='line_1_31' title="bbox 355 2696 963 2766; baseline 0.003 -19"><span class='ocrx_word' id='word_1_173' title='bbox 355 2702 481 2766; x_wconf 82' lang='lat' dir='ltr'>(namque</span> <span class='ocrx_word' id='word_1_174' title='bbox 492 2700 582 2750; x_wconf 86' lang='lat' dir='ltr'>solent</span> <span class='ocrx_word' id='word_1_175' title='bbox 592 2714 671 2749; x_wconf 88' lang='lat' dir='ltr'>saera</span> <span class='ocrx_word' id='word_1_176' title='bbox 681 2700 808 2749; x_wconf 78' lang='lat' dir='ltr'>Caesaris</span> <span class='ocrx_word' id='word_1_177' title='bbox 819 2713 884 2748; x_wconf 88' lang='lat' dir='ltr'>aure</span> <span class='ocrx_word' id='word_1_178' title='bbox 894 2696 963 2762; x_wconf 77' lang='lat' dir='ltr'>frui)</span> 
     </span>
    </p>

    <p class='ocr_par' dir='ltr' id='par_1_11' title="bbox 317 2771 940 2914">
     <span class='ocr_line' id='line_1_32' title="bbox 317 2771 940 2835; baseline 0.003 -14"><span class='ocrx_word' id='word_1_179' title='bbox 317 2771 408 2822; x_wconf 87' lang='lat' dir='ltr'>dicere</span> <span class='ocrx_word' id='word_1_180' title='bbox 420 2774 552 2835; x_wconf 82' lang='lat' dir='ltr'>danobis,</span> <span class='ocrx_word' id='word_1_181' title='bbox 563 2779 593 2823; x_wconf 90' lang='lat' dir='ltr'>nt</span> <span class='ocrx_word' id='word_1_182' title='bbox 603 2774 690 2824; x_wconf 88' lang='lat' dir='ltr'>lector</span> <span class='ocrx_word' id='word_1_183' title='bbox 700 2774 841 2835; x_wconf 88' lang='lat' dir='ltr'>candidus,</span> <span class='ocrx_word' id='word_1_184' title='bbox 856 2772 940 2823; x_wconf 81' lang='lat' dir='ltr'>aude:</span> 
     </span>
     <span class='ocr_line' id='line_1_33' title="bbox 355 2846 939 2914; baseline 0.005 -19"><span class='ocrx_word' id='word_1_185' title='bbox 355 2849 524 2913; x_wconf 85' lang='lat' dir='ltr'>temporibus</span> <span class='ocrx_word' id='word_1_186' title='bbox 535 2853 656 2914; x_wconf 90' lang='lat' dir='ltr'>praestat</span> <span class='ocrx_word' id='word_1_187' title='bbox 664 2863 720 2898; x_wconf 90' lang='lat' dir='ltr'>non</span> <span class='ocrx_word' id='word_1_188' title='bbox 729 2846 798 2897; x_wconf 87' lang='lat' dir='ltr'><strong>nihil</strong></span> <span class='ocrx_word' id='word_1_189' title='bbox 807 2848 860 2897; x_wconf 89' lang='lat' dir='ltr'>iste</span> <span class='ocrx_word' id='word_1_190' title='bbox 870 2848 939 2910; x_wconf 83' lang='lat' dir='ltr'>tuis3</span> 
     </span>
    </p>
   </div>
   <div class='ocr_carea' id='block_1_8' title="bbox 0 0 1393 3450">
    <p class='ocr_par' dir='ltr' id='par_1_12' title="bbox 0 0 1393 3450">
     <span class='ocr_line' id='line_1_34' title="bbox 0 0 1393 3450; baseline 0 0"><span class='ocrx_word' id='word_1_191' title='bbox 0 0 1393 3450; x_wconf 95' lang='lat' dir='ltr'> </span> 
     </span>
    </p>
   </div>
  </div>
 </body>
</html>
