2750 3450
321 362 371 418 331
608 361 821 410 maurianis

322 486 394 551 Quid
407 487 497 541 minus
507 500 566 537 esse
579 483 686 551 potasti
703 486 901 552 epigrammata
909 482 1013 552 fingere
1023 485 1109 550 σοφᾶς

358 561 420 612 hinc
431 563 512 612 etiam
522 560 624 626 petitur
632 560 687 612 iam
697 575 759 610 mea
768 558 844 611 fama
851 558 912 611 tibi.

321 636 411 703 Elige,
422 636 488 702 quid
495 635 582 697 nolis3
593 634 654 701 quis
663 635 735 684 euius
745 633 843 700 pudor,
857 634 952 686 omnia
960 631 1049 686 velle!

360 711 422 763 etsi
432 711 498 777 quid
508 726 563 761 uon
572 710 622 772 vis,
633 709 736 771 Tucca,
746 709 870 776 relinque
878 707 955 759 nihi.

603 816 640 856 li.
660 812 702 855 Διὶ
720 812 830 857 Rufum·

432 889 540 942 Musaei
549 889 755 957 pathicissimos
765 888 887 952 libellos,

434 965 482 1031 qui
492 970 597 1017 certant
605 963 770 1032 Sybariticis
783 963 894 1027 libellis,

434 1045 462 1091 et
470 1040 570 1091 tinetas
580 1040 638 1093 sule
647 1039 785 1105 pruriente
795 1036 907 1091 chartas

434 1112 550 1165 instanti
559 1114 618 1184 lege
628 1113 712 1165 Rufe:
727 1113 776 1164 sed
786 1112 877 1179 puella
907 1133 910 1140 ·

435 1189 472 1240 sit
480 1193 568 1238 tecum
579 1195 635 1251 tua,
645 1203 679 1239 ne
690 1186 900 1240 Thalassiouem

434 1263 541 1314 indicas
550 1264 676 1315 manibus
685 1262 845 1314 libidinosis

435 1342 463 1388 et
472 1337 523 1388 llus
532 1338 591 1388 siue
601 1336 703 1388 femina
711 1337 835 1389 maritus.

580 1436 613 1476 tt.
637 1432 668 1475 Iu
687 1432 861 1489 zelotypam.

326 1509 392 1560 (ium
402 1509 455 1559 tibi
464 1514 530 1560 nota
539 1510 581 1561 tui
591 1509 628 1561 sit
637 1509 695 1560 vita
704 1510 825 1577 fidesque
833 1509 939 1572 mariti,

362 1599 412 1634 uec
423 1589 528 1649 premat
537 1584 595 1634 ulla
608 1590 671 1635 tuos
684 1585 850 1636 sollicitetve
863 1589 956 1635 toros:

327 1659 392 1726 quid
403 1659 482 1725 quasi
491 1659 635 1726 pellicibus
644 1659 782 1726 torqueris
791 1659 885 1726 inepta
894 1659 1041 1723 miuhtris,

362 1735 391 1784 iu
402 1735 500 1800 quibus
511 1740 538 1784 et
546 1735 637 1785 brevis
647 1740 689 1785 est
703 1739 731 1786 et
744 1734 862 1801 fugitiva
871 1731 982 1785 Venus!

326 1807 391 1860 Plus
401 1810 452 1859 tibi
463 1824 543 1876 quam
554 1809 665 1861 domiuo
678 1825 778 1876 pueros
790 1814 929 1875 praestare
938 1810 1079 1876 probabo:

363 1882 392 1933 hi
402 1882 515 1945 iaciunt,
525 1889 557 1935 ut
565 1886 604 1935 sis
614 1883 716 1935 femina
725 1883 787 1936 sola
797 1884 867 1935 viro.

327 1958 366 2008 Hi
376 1959 450 2021 dant,
461 1959 533 2024 quod
543 1974 598 2009 nou
608 1959 649 2009 vis
658 1974 729 2010 uxor
738 1959 812 2010 dare.
840 1957 885 2009 Do
897 1962 1001 2023 tamen,
1012 1958 1109 2026 inquis,

362 2048 396 2083 ne
406 2048 490 2099 vagus
502 2048 519 2083 a
527 2032 655 2084 thalamis
667 2034 793 2101 coniugis
806 2041 877 2084 erret
887 2048 974 2084 amor.

326 2106 388 2159 Non
400 2107 493 2157 eadem
503 2123 548 2158 res
556 2113 610 2158 est:
625 2107 721 2159 Chiam
731 2109 808 2171 volo,
815 2106 881 2159 uolo
891 2108 1050 2164 mariscum.

363 2180 404 2232 Ne
416 2183 522 2232 dubites
534 2197 602 2248 quae
612 2184 649 2234 sit
658 2182 736 2246 Chia,
746 2184 865 2233 marisca
873 2182 922 2232 tua
932 2186 982 2234 est.

328 2255 404 2308 Scire
415 2273 479 2308 suos
490 2256 556 2307 lines
566 2264 693 2310 matrona
703 2265 730 2310 et
743 2258 845 2308 femina
859 2256 953 2308 (lebete

365 2331 429 2382 cede
440 2346 516 2383 suam
526 2334 632 2398 pueris3
646 2340 722 2385 utere
731 2338 808 2399 parte
821 2337 878 2383 tua.

604 2430 639 2472 98·
662 2429 694 2472 Iu
712 2430 836 2471 osseus.

400 2505 476 2558 Uxor
486 2520 545 2555 euni
555 2504 607 2554 tibi
617 2505 653 2554 sit
663 2506 763 2570 puello,
774 2504 882 2571 qualem

400 2581 472 2631 votis
482 2580 528 2630 vix
539 2584 614 2644 petat
622 2579 756 2644 improbis
765 2579 890 2643 maritus,

402 2654 486 2716 dives,
496 2653 607 2715 nobilis,
617 2654 734 2717 erudita,
745 2660 834 2705 casta:

401 2730 513 2794 rumpis,
523 2728 618 2791 Basse,
628 2727 710 2793 latus,
719 2729 767 2781 sed
777 2730 806 2779 iu
816 2730 945 2795 comatis,

401 2804 496 2853 uxoris
507 2804 559 2853 tihi
569 2803 632 2853 dote
643 2818 712 2870 quos
722 2805 841 2871 parastis

403 2878 480 2928 etsie
491 2877 525 2928 ad
535 2877 672 2929 dominam
683 2894 792 2932 reversa
805 2878 917 2948 languet
