2750 3450
364 360 415 411 mo
653 350 868 409 mssrmnr's

596 494 630 533 88.
654 489 693 532 Ad
713 489 917 534 Caecilianum.

366 584 449 636 Mane
459 584 578 635 salutavi
587 589 652 635 verb
663 591 691 634 te
700 584 811 634 nomine
822 599 901 636 casu:

359 703 363 710 .
403 675 453 709 nec
463 659 521 710 dixi
531 659 685 722 dominum,
703 657 867 721 Caeciliana,
879 675 984 710 meum.

367 732 469 795 Quanti
479 733 593 784 libertas
603 737 709 783 constet
718 729 784 782 mihi
794 738 885 796 tanta,
901 735 1043 802 requiris!

404 808 516 858 Centum
528 809 693 874 quadrantes
705 807 818 857 abstulit
830 806 882 858 illa
892 806 973 859 mihi.

571 932 605 972 89.
630 929 669 970 De
686 927 828 970 Panareto
847 935 957 982 potura.

366 1023 432 1073 Cum
444 1028 548 1090 peteret
557 1038 645 1073 seram
656 1022 748 1073 modia
756 1021 812 1071 iam
822 1027 904 1072 nocte
913 1025 1061 1076 matellam

403 1104 500 1164 argnto
514 1098 640 1148 madidus
654 1097 756 1163 pollice
766 1095 933 1147 Panaretus:

366 1172 510 1238 Spoletina
520 1172 585 1222 data
597 1177 646 1234 est,
657 1171 705 1222 sed
717 1186 797 1237 quam
808 1171 964 1223 siccaverat
972 1173 1050 1240 ipse=

402 1261 452 1297 nec
461 1246 552 1296 fuerat
560 1246 614 1297 soli
624 1252 703 1296 tanta
713 1245 813 1313 lagena
822 1245 900 1296 satis.

366 1320 415 1372 llle
425 1321 479 1371 tide
489 1335 595 1371 summa
603 1326 691 1372 testae
702 1335 752 1371 sua
761 1320 827 1371 vina
838 1335 992 1385 remensus,

403 1395 524 1447 reddidit
537 1393 688 1461 oenophori
699 1395 821 1461 pondera
831 1395 913 1461 plena
923 1396 977 1447 sui.

366 1470 487 1534 Miraris,
499 1476 628 1536 quantum
638 1469 756 1532 biberat,
770 1469 875 1536 cepisse
884 1469 1030 1536 lagenam!

403 1543 505 1596 Desine
514 1545 619 1607 mirari,
629 1543 712 1596 Rufe:
726 1560 829 1595 merum
839 1544 957 1595 biberat.

648 1653 683 1693 9⁰-
709 1650 749 1692 De
769 1647 872 1691 Gellia.

457 1742 602 1796 Moechum
613 1743 704 1795 Gellia
714 1742 869 1807 nonhabet,
882 1744 938 1794 nisi
947 1760 1042 1796 unum.

458 1820 550 1887 Turpe
560 1826 602 1871 est
610 1818 664 1871 hoc
673 1820 771 1886 magis,
782 1833 854 1871 uxor
863 1823 906 1870 cst
914 1815 1043 1871 duorum.

649 1928 683 1968 91.
708 1922 739 1966 ln
758 1922 876 1966 Zoilum.

367 2017 468 2071 Sancta
481 2018 558 2070 ducis
569 2019 667 2069 summi
677 2015 805 2085 prohibet
819 2032 934 2068 censtua
949 2024 1080 2087 vetatque

403 2091 555 2147 Moechari.
578 2092 683 2156 Gaude,
694 2092 780 2156 zoile,
790 2109 846 2145 non
856 2091 955 2144 iutues.

622 2210 656 2251 92.
679 2207 712 2249 In
728 2207 904 2249 Ariminnum.

475 2300 603 2353 Caelatus
614 2302 666 2353 tibi
676 2317 736 2353 cum
747 2302 792 2364 sit,
806 2301 956 2363 Ammiane,

475 2391 585 2502 serpiens
595 2377 624 2427 in
634 2382 731 2466 patera
739 2374 867 2464 hipronis
877 2381 950 2438 arte3

475 2450 519 2502 Va
543 2466 612 2502 cana
622 2451 709 2503 b1b1s:
723 2451 946 2502 bibuivenenum.

631 2559 665 2600 93.
691 2556 730 2598 De
750 2555 868 2597 Thaide.
947 2555 953 2566 ‘

368 2653 437 2702 Tam
447 2652 519 2703 male
529 2649 614 2702 Thais
627 2651 691 2714 olet,
703 2665 783 2716 quam
795 2665 850 2700 non
858 2647 973 2699 fullonis
984 2650 1064 2702 avari

403 2732 476 2778 testa
485 2730 572 2790 vetus,
586 2725 677 2777 media
687 2724 736 2775 sed
745 2723 829 2775 modo
839 2722 928 2774 fracta
937 2724 998 2784 via,

353 2818 413 2855 non
423 2803 461 2857 ab
472 2819 570 2859 amore
579 2818 678 2858 recens
687 2798 794 2866 hircus,
804 2815 865 2852 non
873 2797 1035 2861 oraheoms,

380 2896 441 2936 uon
454 2883 589 2941 detracta
601 2884 669 2940 cani
679 2876 905 2937 Transtiberina
914 2872 1003 2925 autiss
