2750 3450
353 344 403 396 elo
515 414 517 419 Ι
643 346 859 394 uxnrrxxrs

353 470 467 525 multum
478 469 559 530 oculi,
570 468 618 519 sed
630 469 691 534 plus
702 484 781 520 aures
794 470 891 521 debere
900 467 1019 521 latentur

391 561 420 595 so
430 544 489 606 tibi,
501 543 574 610 quod
585 549 717 610 spectant,
728 545 775 610 qui
787 546 903 595 recitare
911 543 1010 595 solent.

607 645 641 684 85.
667 641 706 682 An
726 639 892 683 Norbanum.

354 717 421 768 Cum
431 724 479 766 tua
489 718 639 785 sacrilegos
650 722 755 778 eontra,
765 715 903 779 Norbane,
913 716 1022 769 furores

392 797 477 842 staret
486 806 536 857 pro
547 792 659 842 domino
670 790 787 842 Caesare
798 796 893 842 sancta
902 791 983 842 tides=

353 865 422 917 haee
432 880 483 932 ego
493 864 585 916 Pieria
593 866 721 916 ludebam
731 870 805 916 tutus
815 867 843 915 in
852 867 955 929 umbra,

390 940 438 991 ille
447 946 511 991 tuae
524 940 613 991 cultor
622 946 703 991 notus
714 940 860 990 amicitiae.

353 1014 399 1066 Me
408 1016 460 1065 tibi
471 1013 624 1065 Vindelicis
633 1020 741 1080 raptum
752 1015 882 1065 narrabat
891 1015 920 1064 in
930 1015 997 1077 oris,

389 1091 482 1151 nescio
492 1105 541 1140 neo
551 1090 638 1141 nostri
647 1089 766 1140 nominis
776 1089 872 1139 Arctos
882 1093 949 1140 erat.

354 1165 377 1215 0
388 1164 495 1231 quoties
505 1169 622 1215 veterem
631 1180 687 1216 non
696 1163 834 1214 inficiatus
848 1163 964 1214 amioum

391 1240 494 1300 dixisti,
504 1237 582 1289 Meus
593 1245 634 1288 est
643 1239 696 1289 iste
705 1243 797 1305 poete,
807 1235 894 1288 meus!

354 1314 439 1364 Omne
449 1314 500 1363 tibi
509 1318 640 1376 nostrum,
652 1313 726 1379 qnod
734 1313 778 1364 bis
787 1313 926 1363 trieteride
935 1312 1031 1363 iuncte

390 1393 452 1439 ante
462 1388 547 1438 debet
555 1387 650 1450 lector,
661 1403 732 1438 nune
742 1387 820 1438 dabit
829 1393 925 1438 auctor
935 1401 1014 1453 opus.

632 1481 665 1520 86-
691 1479 731 1520 De
749 1476 859 1519 Paullo.

354 1554 527 1622 Languidior
535 1560 629 1607 noster
638 1555 663 1605 si
673 1554 782 1621 quando
793 1560 835 1605 est
844 1553 965 1618 Paullus,
975 1556 1053 1620 Atili,

389 1646 444 1681 non
454 1645 491 1693 se,
503 1631 632 1681 convivas
643 1630 761 1681 abstinet
769 1629 817 1679 ille
828 1645 902 1681 suos.

354 1705 396 1757 Tu
406 1705 537 1773 languore
549 1706 657 1773 quidem
668 1704 768 1768 subito,
779 1704 897 1772 liotoque
907 1703 1030 1768 laboras,

389 1781 437 1832 sod
446 1797 508 1832 mea
518 1783 642 1848 porrexit
651 1781 784 1848 sportula,
794 1779 898 1843 Paullo,
907 1780 1001 1844 pedes.

532 1876 567 1915 8¹1.
592 1873 623 1915 In
642 1872 747 1913 obitum
767 1871 865 1913 Severi
886 1868 961 1912 Silii.

353 1948 494 1999 Festinata
504 1951 547 2000 sui
556 1956 676 2017 gemeret
686 1964 745 1999 oum
755 1946 815 1997 fata
825 1944 917 1996 Severi

391 2022 484 2085 Silius,
494 2024 615 2075 Ausonio
626 2040 681 2075 non
693 2022 775 2074 semel
787 2037 834 2071 ore
843 2027 954 2086 potense

354 2114 413 2149 eum
423 2112 505 2165 grege
515 2098 606 2149 Pierio
618 2102 738 2148 moestus
748 2095 914 2160 Phoeboque
924 2098 1069 2161 querebar.

390 2173 450 2239 lpse
461 2188 548 2222 nieum
559 2172 629 2235 llevi,
640 2173 711 2223 dixit
719 2171 827 2238 Apollo,
838 2170 941 2231 Linon3

353 2249 525 2315 respexitque
535 2262 620 2310 suem,
632 2262 702 2313 quae
711 2247 803 2298 stabat
811 2245 938 2310 proxime
948 2243 1038 2308 fratri,

391 2322 542 2388 Calliopen,
554 2328 582 2373 et
591 2323 643 2372 ait:
664 2323 708 2372 Tu
718 2335 826 2387 quoque
835 2319 932 2369 vulnus
942 2317 1038 2371 habes.

352 2398 469 2463 Adspice
480 2398 627 2463 Tarpeium
638 2395 858 2460 Pallatinumque
869 2393 1037 2445 Tonantem

391 2488 458 2523 ausa
466 2471 544 2523 nefas
554 2471 686 2523 Lachesis
696 2472 779 2522 laesit
787 2475 930 2534 utrumque
940 2468 1044 2520 lovem.

353 2545 471 2598 Numine
482 2563 541 2598 oum
551 2548 646 2598 videas
656 2547 732 2598 duris
742 2544 864 2597 obnoxie
871 2541 946 2606 fetis,

390 2621 495 2672 invidia
504 2622 594 2688 possis
604 2635 753 2673 exonerare
763 2619 839 2669 deos.

608 2712 642 2750 88.
666 2708 707 2749 Ad
726 2708 888 2762 Lupercum.

434 2783 548 2855 Septem
557 2792 626 2858 post
635 2784 738 2841 calices
748 2783 889 2855 Opimium

423 2863 517 2920 denso
529 2884 593 2922 oum
604 2868 721 2924 iaceam
730 2867 834 2923 triente
840 2861 970 2924 ulmus,
