2750 3450
440 355 767 420 Emensmmsuum
781 356 852 404 ulis.
873 355 931 404 xii.
1034 354 1084 408 833

289 477 316 529 si
325 475 437 546 Stygias
448 495 529 548 aeger
537 496 593 533 nnn
605 481 658 532 iret
666 480 767 532 missus
775 480 811 532 ad
818 481 916 545 undas,

326 558 357 603 ut
368 553 477 606 caderet
486 569 585 622 magno
595 555 709 606 victima
721 560 801 622 grata
810 554 879 606 lovi.

289 626 445 694 Coeperunt
456 629 667 683 cemammedini
677 629 812 695 spondere
820 628 944 680 salutem.

326 700 369 754 Ne
378 708 471 755 votum
481 705 579 769 solvet,
589 719 661 755 nune
670 703 751 755 Maro
761 709 828 755 vota
836 703 913 755 feeit.

550 811 584 855 92
608 806 639 850 In
659 805 818 861 Metellum.

383 899 540 953 Communis
549 902 602 964 tibi
612 916 671 953 eum
682 902 752 964 viro,
762 899 895 970 Megalia,

381 991 440 1026 num
451 977 488 1028 sit
495 977 620 1040 lectulus,
631 981 658 1028 et
668 977 706 1027 sit
715 975 852 1028 maletus:

311 1046 312 1050 ’
381 1064 474 1116 quare,
486 1049 616 1113 diemibi,
626 1066 682 1119 non
692 1050 730 1101 sit
739 1049 914 1102 etministert

383 1121 523 1192 Suspirass
537 1127 611 1178 ratio
622 1130 672 1189 est,
682 1126 763 1177 times
772 1125 906 1194 lagenam.

559 1233 593 1274 ts.
618 1229 660 1272 Ati
677 1229 812 1274 Priscum.

289 1306 377 1372 Saepe
387 1321 485 1374 regare
496 1308 578 1372 soles,
588 1308 679 1376 qualis
689 1311 751 1369 sim,
759 1308 862 1373 Priene,
871 1309 988 1373 ieiunus,

325 1381 424 1433 sitiam
434 1383 565 1450 locuples,
576 1384 681 1451 simque
692 1389 802 1451 repente
813 1390 919 1451 potens.

289 1453 459 1524 Quemquam
469 1473 551 1524 posse
561 1463 641 1524 putas
650 1475 742 1510 mores
751 1474 863 1511 narrare
872 1457 997 1512 futui-osi

325 1531 380 1583 Die
389 1529 466 1595 mihi,
476 1533 501 1583 si
510 1532 561 1584 iius
569 1537 600 1584 tu
609 1533 663 1594 len,
677 1533 766 1601 qualis
777 1531 847 1585 erist

563 1640 598 1682 94.
622 1638 662 1681 De
681 1635 811 1681 Fabulla.

399 1711 460 1777 Qus
469 1711 611 1780 moechum
621 1714 729 1768 ratione
739 1713 862 1767 basiaret

398 1805 491 1842 eoram
502 1791 626 1858 coniuge,
636 1790 757 1857 repperit
767 1788 893 1840 Fabulla.

396 1862 884 1932 Parvumbasiatnsquemnrlonems

398 1937 470 1992 hune
478 1941 572 1991 multis
581 1941 655 2007 rapit
664 1940 766 1992 osculis
776 1940 930 1990 madentem

397 2012 670 2082 moechusprotinus,
680 2020 708 2067 et
717 2015 774 2067 suis
783 2014 917 2081 repletum

397 2090 499 2142 ridenti
509 2091 635 2142 dominae
649 2090 743 2142 statim
752 2089 876 2141 remittit.

401 2162 511 2227 Quanto
521 2167 611 2217 utorio
621 2167 711 2217 maior
720 2170 763 2217 est
773 2159 899 2216 meritust

563 2273 598 2314 95.
621 2270 653 2312 In
674 2269 804 2313 Tuscum.

289 2344 482 2399 Scribebamus
492 2360 573 2413 epost
588 2347 705 2413 coepisti
716 2345 849 2397 scsiberet
864 2342 943 2408 cessi,

328 2420 480 2471 aemulans
490 2422 727 2472 starentnarminn
736 2425 831 2471 nostra
842 2420 906 2471 tuis.

290 2496 445 2548 Transtulit
455 2496 490 2547 ad
500 2496 621 2563 tragicos
632 2511 661 2546 se
670 2500 766 2547 nostra
776 2492 877 2545 Thalia
887 2491 1047 2546 cathmos:

329 2571 432 2636 aptasti
441 2571 552 2638 longum
562 2575 593 2621 tu
602 2584 712 2636 quoque
721 2583 816 2636 syrma
823 2568 884 2620 tibi.

291 2645 355 2697 Fila
364 2645 443 2712 lyrae
453 2646 526 2697 movi
537 2644 662 2696 Calabris
673 2644 783 2696 exnuita
792 2642 949 2695 Camoeniss

327 2719 434 2788 plectra
444 2722 519 2787 rapis
530 2720 610 2772 nobis
622 2719 772 2772 ambitione
783 2733 865 2770 nova.

291 2794 429 2847 Audemus
439 2800 561 2862 satyras:
576 2794 702 2847 Lucilius
715 2809 774 2846 esse
783 2793 904 2845 laboras.

329 2868 410 2922 Ludn
421 2870 495 2922 leves
506 2870 612 2939 elegos:
626 2874 657 2922 tu
668 2884 776 2938 queque
785 2868 858 2921 ludis
866 2867 950 2920 idem.
1003 2910 1005 2914 ,
