2750 3450
397 357 711 406 lovlonnnlmnnum
741 360 809 406 1118.
840 361 879 405 lv.
1005 356 1038 408 97

492 481 526 521 30.
550 476 590 520 Aa
610 479 789 534 piscatorem.

321 571 427 623 Baiano
438 571 534 639 procul
544 587 561 622 a
569 572 632 622 lacn
640 587 789 634 monemus,

322 647 452 713 piscator,
463 646 534 713 fuge,
544 661 578 697 ne
588 661 688 697 nocens
702 647 822 698 recedas.

323 720 414 772 Sacris
425 721 545 787 piscibus
555 718 607 771 hae
617 726 745 771 natantur
753 721 851 784 undae,

323 795 369 862 qui
379 802 478 847 norunt
488 796 635 858 dominum,
649 810 810 861 manumque
820 794 942 846 lambunt

322 869 408 933 illam,
419 884 473 936 qua
482 868 549 920 nihil
561 871 639 920 estin
651 871 716 920 orbe
726 871 822 919 maius.

324 943 405 1006 Quid,
417 945 490 1010 quod
500 956 598 995 nomen
608 943 716 1008 habent,
727 950 754 995 et
764 944 799 994 ad
808 944 931 1010 magistri

323 1033 417 1069 vocem
427 1020 540 1085 quisque
551 1019 593 1068 sui
602 1019 677 1069 venit
691 1017 805 1069 citatusl

322 1092 386 1144 Hoc
397 1092 532 1159 quondam
543 1092 629 1159 Libys
640 1094 739 1160 impius
749 1091 893 1159 profundo,

324 1168 387 1219 dum
397 1167 525 1233 praedam
537 1168 643 1218 calamo
652 1173 783 1218 tremente
794 1168 877 1229 ducit,

322 1242 409 1308 raptis
419 1242 565 1292 luminibus
575 1247 685 1307 repente
696 1257 792 1294 caecus

323 1320 432 1383 captum
442 1332 496 1366 non
507 1318 596 1382 potuit
605 1318 697 1367 videre
709 1318 825 1383 piscem,

324 1396 352 1453 et
361 1406 432 1441 nunc
441 1390 589 1457 sacrilegos
601 1406 714 1457 perosus
724 1389 829 1452 hamos,

323 1466 447 1516 Baianos
457 1465 534 1516 sedet
543 1465 578 1515 ad
587 1465 663 1516 lacus
673 1471 795 1533 rogator.

323 1542 359 1591 nt
368 1545 406 1603 tu,
417 1540 479 1590 dum
490 1545 577 1606 potes,
586 1540 717 1591 innocens
727 1539 831 1602 recede,

323 1616 405 1666 iactis
415 1614 583 1681 simplicibus
594 1614 663 1673 cibis
672 1615 702 1664 in
711 1615 807 1675 undas,

323 1695 351 1742 et
360 1690 449 1758 pisces
459 1704 587 1741 venerare
598 1689 740 1745 dedicatos

477 1814 512 1853 31.
536 1810 809 1864 Ad'llippodnmum.

275 1906 335 1966 ‚uod
345 1905 421 1972 cupis
430 1905 459 1954 in
468 1904 572 1955 nostris
582 1904 690 1969 dicique
699 1904 807 1970 legique
817 1903 926 1955 libellis.

288 1986 316 2032 et
326 1979 472 2031 nonnullus
482 1976 570 2029 honos
581 1978 700 2029 creditur
709 1994 768 2029 esse
777 1978 842 2029 tibi:

275 2072 284 2107 3
294 2055 410 2116 valeam,
421 2054 445 2104 si
454 2068 509 2104 non
518 2068 562 2103 res
572 2059 614 2103 est
622 2054 779 2120 gratissima
792 2052 880 2116 nobis,

289 2136 317 2181 et
326 2129 391 2180 volo
401 2133 428 2178 te
440 2126 540 2178 chartis
553 2128 699 2179 inseruisse
709 2129 785 2179 meis.

275 2206 306 2257 ed
316 2210 346 2255 tn
356 2217 455 2253 nornen
464 2200 548 2253 habes
559 2217 653 2254 averso
665 2202 740 2253 lonte
750 2218 875 2254 sororum

288 2278 456 2345 impositum,
466 2282 552 2327 mater
563 2277 635 2343 quod
646 2277 698 2328 tibi
708 2279 776 2328 dura
785 2277 872 2328 dedit:

275 2354 328 2406 nod
337 2367 388 2403 nec
396 2351 577 2418 Melpomene,
588 2354 661 2418 quod
671 2367 722 2403 uec
734 2349 919 2417 Polyhymnia
929 2351 1025 2415 possit,

288 2444 339 2479 nec
349 2428 395 2493 pia
407 2442 466 2477 cnm
476 2424 588 2477 Phoebo
601 2426 690 2478 dicere
701 2426 834 2491 Calliope.

274 2518 325 2571 rgo
338 2501 451 2568 aliquod
461 2506 567 2567 gratum
578 2500 665 2552 Musis
675 2500 727 2551 tibi
738 2515 836 2550 nomen
846 2497 962 2564 adopta:

288 2593 344 2629 non
354 2591 461 2642 semper
470 2576 542 2627 belle
553 2576 652 2626 dicitur
662 2574 862 2641 Hippodamus.

428 2700 463 2739 82.
490 2697 529 2740 lle
547 2710 599 2752 ape
618 2695 727 2738 electra
747 2693 863 2736 inclusa.

277 2797 289 2843 t
298 2792 367 2843 latet
377 2796 404 2841 et
411 2791 486 2841 locet
492 2788 696 2843 Phaethontide
706 2790 823 2844 condita
832 2795 928 2861 gutta,

280 2871 312 2912 ot
321 2864 444 2913 videatm
452 2864 514 2930 apis
522 2871 639 2921 nectare
650 2868 755 2924 clausa
766 2887 832 2925 suo.

291 2951 367 2995 Mars
377 2961 401 2995 Τ.
842 2967 869 3013 G
