2750 3450
654 366 867 416 Maenianis

645 490 681 532 ts.
706 489 745 531 Ds
764 488 870 542 pueris.

437 580 562 632 Festinat
570 577 724 648 Polytimus
735 581 770 632 ad
782 581 902 648 puellusr

438 657 540 707 invitus
549 670 661 723 puerum
671 654 773 707 latetur
783 655 923 723 Hymnuss

332 742 334 765 ³
356 762 359 767 ν
437 735 532 797 pastas
543 729 643 797 glande
652 737 730 781 nates
741 728 824 782 habet
832 729 989 783 Secundus:

332 834 335 863 :
437 805 530 856 mollis
539 804 695 871 Dindymus
705 810 755 868 est,
765 805 813 856 sed
824 820 883 857 esse
892 820 949 858 uon
958 805 1032 859 vult:

332 880 337 943 ζ
436 877 571 945 Amphion
581 881 672 946 potuit
680 878 774 946 puella
782 881 899 931 nasci.¹

436 953 543 1006 Horum
555 954 677 1018 delicias,
688 953 905 1021 superbiamque,

437 1034 465 1080 et
474 1028 561 1080 iustus
572 1029 709 1096 querulos,
722 1029 817 1092 amice,
826 1029 911 1092 malo,

437 1118 517 1172 quam
528 1104 602 1156 dotis
611 1101 679 1154 mihi
689 1104 832 1170 quinquies
842 1102 956 1155 ducena.

630 1209 666 1251 tt.
690 1207 731 1251 Dc
749 1207 885 1260 agricolo.

361 1290 499 1359 Amphora
508 1290 618 1359 rigosa,
628 1292 738 1344 modius
749 1292 902 1345 detonuere
913 1299 1058 1361 quaterne.

398 1367 498 1419 Ebrius
509 1372 536 1418 et
546 1366 644 1419 crudus
653 1367 694 1418 nil
703 1366 787 1419 habet
796 1367 929 1435 agricolo.

623 1475 658 1514 Π.
682 1472 723 1516 De
742 1456 892 1515 Aethonts.

415 1547 511 1600 Multis
522 1548 585 1600 dnm
595 1548 723 1616 precibus
732 1547 825 1602 lovem
835 1548 947 1614 salutat,

414 1629 490 1675 stans
500 1627 620 1676 summos
635 1625 780 1691 resupinus
789 1623 914 1691 usquein
922 1627 1052 1694 unguen,

414 1697 520 1752 Aethon
529 1699 558 1751 in
569 1696 719 1766 Capitolio,
728 1699 848 1767 pepedit

414 1773 543 1826 Riserunt
552 1774 680 1827 comites:
695 1774 743 1826 sed
756 1776 816 1841 ipsc
826 1772 919 1827 divim

416 1848 535 1901 offensus
544 1850 661 1917 genitor,
674 1849 828 1901 trinoctiali

415 1924 509 1975 affecit
518 1923 693 1976 domicoenio
704 1924 838 1975 clientem.

415 1998 483 2050 Post
492 1997 545 2049 hoc
554 1998 687 2065 flagitium
698 2000 821 2051 misellus
831 1996 947 2064 Aethon,

415 2089 474 2125 cunr
486 2073 544 2124 vult
552 2074 581 2124 in
592 2073 758 2139 Capitolium
769 2074 872 2139 venire,

414 2148 495 2199 sellas
506 2153 569 2199 ante
579 2149 647 2214 petit
655 2146 857 2213 Patroclianss,

413 2228 440 2273 et
450 2223 527 2290 pedit
536 2222 679 2288 deciesque
694 2223 840 2290 viciesqne.

414 2296 467 2350 Sed
478 2298 602 2365 quamvis
612 2297 665 2347 sibi
676 2298 780 2348 caverit
790 2298 937 2365 crepando,

414 2372 578 2440 compressis
587 2372 698 2423 natibus
708 2372 800 2425 lovem
811 2373 923 2424 solutu.

645 2480 680 2521 18.
705 2478 744 2521 De
763 2478 866 2521 codsa.

357 2557 426 2608 Anto
436 2553 510 2607 Iovis
520 2560 638 2607 statuam
650 2556 756 2623 crepuit
765 2561 842 2607 sator
853 2552 968 2608 histrio:
982 2572 1100 2625 poenum

394 2629 498 2697 Iupiter
506 2630 615 2695 indixit,
626 2631 717 2683 vivere
727 2631 761 2683 de
771 2630 894 2698 proprio.

600 2738 635 2779 ll.
657 2734 698 2777 aa
717 2734 907 2789 Bithynicus.

357 2810 405 2865 Nil
414 2811 443 2861 io
452 2816 479 2862 te
490 2811 598 2877 scripsi,
607 2809 769 2878 Bithynico:
784 2812 893 2865 credere
908 2828 966 2865 non
976 2814 1030 2880 vis,

395 2891 423 2937 et
432 2886 522 2937 lurore
530 2886 624 2939 iubeor
638 2886 713 2939 malo
723 2886 892 2941 sotisiacere.
