2750 3450
645 395 853 445 miurinus

432 522 467 580 et,
478 533 538 569 cum
548 532 689 584 supremae
699 518 747 570 iiia
756 520 878 572 venerint
886 517 981 585 horae,

430 593 542 658 diesque
551 592 654 655 tardus,
664 595 766 646 sentiat
775 609 870 645 canum
880 594 966 659 litesm

432 668 578 733 abigatque
587 673 663 719 moto
673 669 772 719 nomas
783 683 846 720 aves
856 683 961 736 panno;

430 757 480 792 nec
490 741 619 793 liniantur
629 749 718 794 morte
728 743 866 809 simplices
876 758 996 809 poenasa

430 816 478 867 scd
488 814 571 867 modo
581 817 860 869 severisectusdeaci
868 817 947 881 loris,

430 906 501 941 nunc
510 891 624 956 inquieti
634 895 727 943 monte
737 890 849 958 Sisyphi
858 906 979 957 pressu,

430 980 502 1016 nunc
510 965 581 1015 inter
590 966 677 1016 undas
685 966 792 1032 gemuli
803 967 876 1018 senis
885 967 985 1030 siccus,

431 1039 550 1090 delesset
560 1055 652 1091 omnes
662 1038 770 1093 fabulas
780 1045 936 1107 poetarnmr

431 1119 467 1176 et,
478 1129 537 1164 cum
547 1112 629 1167 fateri
637 1114 723 1167 Furia
731 1115 842 1167 iusserit
851 1130 953 1179 verum,

431 1189 562 1254 prodente
573 1189 671 1240 clamet
683 1190 858 1252 conscicntia,
871 1188 984 1257 Scripsi.

489 1295 509 1336 6.
534 1291 572 1336 Ds
591 1294 714 1337 adventu
734 1294 870 1337 cessaris
883 1281 1019 1339 Tutini.

357 1369 472 1432 Felices,
483 1369 581 1434 quibus
591 1383 659 1421 urna
669 1369 746 1420 dedit
754 1376 878 1437 spectare
888 1386 1033 1429 coruscum

395 1443 500 1496 solibus
509 1443 617 1495 Arctois
627 1443 816 1511 sideribusque
826 1445 930 1497 ducem.

359 1519 474 1579 Quando
485 1519 537 1568 erit
546 1517 594 1571 ille
604 1518 671 1580 dies,
683 1533 737 1584 quo
748 1534 868 1586 campus,
882 1526 910 1571 et
920 1520 1014 1585 orbor,
1025 1526 1054 1573 ot
1063 1521 1148 1575 omma

396 1593 498 1643 lucebit
508 1591 591 1645 Latia
600 1592 674 1644 culta
682 1592 802 1645 fenestra
810 1593 897 1645 nurui

358 1668 466 1736 quando
477 1683 571 1719 morae
580 1667 682 1731 dulces,
692 1669 844 1736 longusque
854 1684 872 1719 a
883 1669 1002 1721 Caesam
1012 1669 1110 1739 pulsis,

394 1749 507 1810 totaque
516 1743 538 1794 F
541 1744 653 1794 laminis
662 1742 751 1795 Roma
760 1745 879 1796 videndo
887 1743 951 1797 viai

358 1820 466 1884 quando
478 1833 568 1885 eques,
579 1825 606 1870 et
615 1819 682 1884 picti
691 1815 785 1869 tunica
795 1818 918 1876 Nilotide
927 1818 1021 1870 Mauri

394 1893 488 1945 ibitisl
508 1892 638 1959 etpopnli
649 1908 704 1946 vox
713 1895 766 1944 erit
774 1909 837 1957 nna,
857 1891 956 1948 vemet

547 1989 568 2029 i.
593 1987 632 2028 sd
651 1986 784 2038 Rhenum,
804 1987 836 2029 ds
854 1986 958 2030 sodon.

431 2061 616 2129 Nympharum
627 2068 706 2128 pater
715 2064 895 2130 amniumque,
908 2061 1013 2127 Rhene,

432 2138 584 2203 quicunque
595 2136 728 2203 Odrysias
738 2138 834 2188 bibunt
842 2138 964 2204 pruinas,

431 2212 472 2263 sic
480 2226 585 2277 semper
594 2212 707 2278 liquidis
717 2211 817 2263 fluoris
826 2211 916 2275 undis,

431 2291 517 2336 necte
526 2286 645 2338 barbara
657 2285 849 2339 contumeliosi

432 2360 566 2411 calcatum
575 2367 638 2412 rota
648 2367 772 2412 conterat
780 2359 907 2424 bubulci3

431 2435 473 2486 sic
483 2442 510 2486 et
520 2436 647 2487 cornibus
658 2451 756 2488 aureus
765 2435 891 2503 receptis,

432 2514 460 2560 et
468 2509 606 2562 Romanus
616 2525 663 2561 cas
673 2517 787 2578 utraque
797 2510 871 2577 ripa:

433 2583 581 2635 Traianum
591 2584 702 2651 populis
710 2585 777 2646 suis,
788 2590 815 2635 et
824 2583 894 2647 urbi,

432 2658 524 2709 Tibris
533 2664 560 2711 te
570 2659 696 2712 dominus
705 2664 795 2726 rogat,
804 2660 936 2712 remittor.

646 2756 668 2800 i.
692 2754 733 2799 De
751 2752 860 2798 l’sulls.

334 2823 455 2882 ranere
465 2828 574 2885 Paulla
584 2830 665 2903 cupit
673 2827 773 2893 nonin
782 2841 836 2895 ego
846 2822 1080 2876 intersitum

363 2906 458 2962 uolo:
477 2927 552 2967 anns
566 2918 620 2968 est.
649 2901 1088 2973 Vellemsimngisessetanus.
