2750 3450
435 365 756 413 EPIGRAMMATUM
782 366 852 412 ΜΒ.
878 365 911 413 Χ.
1007 363 1073 417 ·’253

276 490 323 544 Sic
331 496 380 542 tua
389 489 547 543 laudentur:
561 505 627 541 sane
635 505 698 542 mea
708 490 838 554 earmina,
849 488 939 553 Sexte,

312 566 498 636 grammaticis
508 565 643 631 placeant,
655 570 683 616 et
692 565 752 616 sine
761 566 959 632 grammaticis.

530 673 565 711 22.
588 668 620 711 in
638 667 807 711 Philaenim.

368 746 423 798 Gur
432 745 569 813 spleniato
580 761 662 812 saepe
672 745 804 811 prodeam
816 751 917 810 mento,

367 821 465 873 albave
474 821 563 888 pionis
573 836 641 871 sana
650 820 730 871 labra
739 836 859 883 eerussa,

367 895 502 959 Philaeni,
511 893 637 963 qnaerisi
652 894 770 947 Basiare
779 902 807 946 te
817 895 894 948 nolo.

521 987 555 1026 28.
581 984 620 1026 De
641 983 673 1026 Μ.
693 981 824 1026 Antonio.

275 1061 333 1112 lam
343 1065 469 1112 numerat
477 1059 588 1127 placido
598 1058 666 1111 felix
675 1060 809 1112 Antonius
820 1075 888 1113 aevo

313 1134 471 1202 quindecies
481 1140 557 1186 aetas
566 1133 673 1186 Primus
681 1135 876 1204 olympiadam

275 1211 494 1278 praeteritosque
504 1209 563 1260 dies
574 1214 601 1260 et
609 1215 684 1262 tutos
697 1211 811 1277 respicit
821 1226 917 1274 annos,

312 1300 363 1336 nee
372 1285 469 1335 metuit
478 1281 579 1335 Lethes
587 1285 644 1335 iam
654 1285 793 1351 propioris
804 1301 899 1353 aquas.

275 1359 359 1413 Nulla
368 1358 524 1411 recordanti
534 1358 581 1410 lux
590 1365 633 1410 est
643 1361 754 1428 ingrata
763 1363 922 1428 gravisque:

313 1434 389 1486 nulla
399 1435 481 1498 subit,
493 1435 569 1485 euius
579 1450 634 1485 aon
643 1437 800 1487 meminisse
808 1437 883 1487 velit

275 1510 397 1577 Ampliat
407 1508 505 1561 aetatis
515 1510 635 1576 spatium
644 1511 701 1561 sibi
708 1512 750 1562 vir
760 1510 861 1562 bonus:
875 1509 928 1562 hoo
938 1516 980 1562 est

313 1584 466 1648 viver-abis,
475 1584 798 1652 ritaposseprioreirni.

481 1676 515 1739 li.
539 1672 579 1714 Ad
598 1671 718 1715 Kalend.
738 1674 865 1716 Martias.

368 1749 483 1805 Natales
493 1748 568 1813 mihi,
579 1750 699 1801 Martiae
707 1750 858 1814 Kalendae,

368 1826 416 1878 lux
425 1825 575 1878 formosior
585 1826 711 1877 omnibus
724 1824 865 1889 Kalendis,
964 1818 977 1842 *

370 1898 620 1969 qnsmitantmihi
629 1901 890 1967 munusetpuellae,
942 1963 949 1980 ⁶

370 1976 594 2044 quinquagesima
603 1976 661 2027 liba
670 1978 866 2043 eptimamqne

368 2052 467 2106 vestris
478 2051 603 2103 addimus
613 2050 684 2103 hano
693 2051 764 2104 iocis
774 2066 905 2103 acerram.

368 2125 422 2177 His
431 2141 482 2177 vos
492 2127 529 2191 (si
537 2132 629 2178 tamen
638 2128 749 2193 expedit
757 2128 879 2194 roganti)

370 2216 457 2252 annos
467 2201 611 2253 additebls
620 2217 718 2268 precor
727 2216 857 2265 novenos,

370 2281 400 2327 ut
406 2276 528 2346 nondum
538 2277 624 2327 nimia
633 2278 711 2344 piger
719 2282 837 2339 senecta,

370 2350 418 2402 sed
428 2352 502 2403 vitae
511 2351 599 2402 tribas
610 2353 681 2404 areis
691 2353 810 2418 pereatis

368 2425 447 2477 lucos
457 2425 570 2493 Elysiae
579 2432 670 2493 petam
680 2426 797 2492 puellae.

370 2499 438 2553 Post
447 2498 518 2554 huno
527 2500 647 2554 Nestora
655 2516 707 2554 nee
716 2500 789 2553 diem
798 2500 913 2567 rogabo.

564 2594 597 2632 25.
622 2590 662 2632 De
681 2587 780 2631 Musio.

275 2662 306 2714 In
316 2665 452 2717 matutina
461 2681 546 2733 nuper
555 2671 694 2733 spectatas
705 2680 789 2717 arena

311 2737 428 2804 Mucius,
438 2742 570 2808 imposuit
580 2742 626 2808 qui
636 2756 687 2792 ua
696 2739 915 2805 membraioeis,

274 2811 300 2863 si
305 2817 417 2877 patiens
423 2814 560 2886 fortisque
572 2818 626 2872 tibi
636 2819 781 2889 dumsqua
789 2817 922 2881 videm,

298 2885 485 2944 ,lidentonae
492 2900 619 2961 pectora
626 2899 727 2970 plebia
735 2897 847 2953 hanes.
