2750 3450
325 337 357 386 34
611 340 823 388 maurinus

558 462 592 502 93.
621 458 662 502 Aa
676 460 883 502 Mamuriauum.

326 551 413 616 Saepe
423 549 491 601 mihi
501 552 624 617 queritur
632 567 687 602 non
697 552 778 602 siccis
790 552 884 602 Cestus
895 551 1004 616 ocellis,

360 626 438 691 tangi
447 641 476 675 se
486 626 583 691 digito,
593 625 772 688 Mamurium,
782 633 839 676 tuo.

325 698 350 749 N
353 715 387 749 on
399 713 467 764 opus
477 705 518 749 est
529 699 629 765 digito:
639 705 727 750 totum
737 701 789 751 tibi
799 700 899 750 Ceston
909 697 1024 765 habeto,

361 773 386 822 si
396 773 471 823 deest
480 773 519 823 nil
530 773 613 836 aliud,
624 773 803 837 Mamuriano,
812 773 874 824 tibi.

325 847 379 898 Sed
389 847 413 896 si
423 862 474 898 nee
482 846 561 897 focus
571 855 621 910 est,
631 848 699 898 nudi
708 862 758 898 nee
767 848 873 914 sponda
882 847 1003 913 grabati,

361 936 412 971 nee
421 927 511 972 curtus
523 920 640 972 Chiones
650 923 814 988 Antiopesve
825 921 910 972 calix:

325 1010 403 1045 cerea
413 996 437 1046 si
447 996 546 1062 pendet
556 996 664 1058 lumbis,
675 1002 703 1046 et
711 998 778 1046 trita
786 995 906 1057 lacerna,

362 1070 543 1137 dimidiaeque
552 1076 629 1120 nates
640 1069 750 1120 Gallica
759 1069 834 1136 palla
843 1070 923 1135 tegit3

323 1145 444 1208 pasceris
455 1151 482 1194 et
490 1145 585 1210 nigrae
594 1144 655 1194 solo
665 1144 762 1194 nidore
772 1144 886 1206 culinae,

361 1224 388 1267 et
397 1218 469 1267 bibis
477 1218 643 1268 immundam
654 1233 714 1268 cum
725 1234 791 1269 cane
801 1233 902 1284 pronus
919 1232 1035 1283 aquam:

323 1307 378 1341 non
390 1291 478 1341 culum
490 1293 668 1357 (nequeenim
679 1298 721 1343 est
730 1293 815 1355 culus,
826 1292 871 1358 qui
882 1307 937 1341 non
947 1298 1029 1343 cacat
1039 1293 1117 1358 olim)

360 1366 408 1415 sed
419 1365 523 1416 fodiam
534 1366 631 1432 digito,
642 1367 691 1432 qui
700 1372 831 1432 superest,
842 1366 959 1417 oculum.

323 1438 380 1489 Nee
390 1454 432 1489 me
443 1439 609 1505 zelotypum,
619 1455 670 1491 nee
680 1440 784 1492 dixeris
795 1456 854 1492 esse
863 1439 1024 1506 malignum.

360 1513 485 1580 Denique
494 1513 618 1579 paedico,
628 1514 807 1578 Mamuriane,
817 1520 901 1564 satur.

604 1622 637 1662 94.
662 1619 702 1661 De
716 1617 833 1672 Aquino.

323 1694 452 1745 Fabricio
462 1695 569 1746 iunctus
580 1695 635 1746 fido
645 1695 794 1762 requiescit
801 1694 932 1761 Aquinus,

361 1770 407 1836 qui
418 1770 493 1835 prior
502 1769 613 1836 Elysias
623 1771 724 1836 gaudet
734 1769 824 1820 adisse
834 1770 940 1819 domos.

323 1845 377 1895 Ara
388 1843 488 1909 duplex
498 1846 578 1910 primi
587 1850 703 1896 testatur
712 1858 824 1894 munera
834 1843 896 1909 pili:

360 1918 421 1983 plus
430 1924 521 1968 tamen
531 1924 581 1981 est,
591 1919 672 1970 titudo
684 1919 757 1985 quod
768 1919 894 1968 breviore
903 1917 981 1983 legis.

324 1992 458 2042 Fuuo'rus
468 1999 581 2059 uterque
591 2008 670 2043 sacro
681 1992 809 2043 laudatae
819 1992 929 2042 foedere
939 1992 1025 2056 vitae,

360 2066 487 2133 ianuaque
498 2067 572 2132 qnod
582 2082 645 2117 raro
655 2068 743 2129 novit,
753 2066 856 2116 amiens
867 2071 933 2116 erat.

505 2173 540 2212 95.
563 2169 604 2211 Ad
618 2168 729 2222 Aegion
742 2167 927 2212 fellstrieom.

414 2256 626 2319 contestinum,
638 2257 700 2308 dum
710 2255 800 2307 fututa
810 2273 848 2320 es,
857 2256 949 2324 Aegle.

414 2331 469 2381 lam
482 2335 575 2381 cantas
585 2330 667 2393 bene3
684 2331 820 2383 basianda
828 2347 882 2383 non
893 2346 931 2383 es.

597 2438 631 2479 96.
656 2434 697 2477 Ad
712 2435 831 2478 Helium.

326 2510 404 2572 Quod
418 2510 520 2562 clamas
531 2513 726 2580 semper‚quod
736 2511 878 2579 agentibus
889 2510 1036 2578 obstrepis,
1042 2512 1120 2579 Heli,

360 2600 415 2634 non
425 2584 494 2636 facis
504 2584 558 2638 hoe
567 2589 666 2654 gratis:
687 2588 799 2654 accipis,
809 2593 840 2637 ut
848 2592 950 2636 taceas.

465 2692 498 2731 oi.
523 2692 562 2733 Ad
579 2691 760 2743 sennonteus,
775 2692 806 2734 do
821 2688 970 2734 fellators.

379 2761 409 2813 Si
419 2779 472 2814 non
483 2767 626 2818 molestum
638 2774 687 2832 est,
697 2773 777 2835 teque
786 2782 841 2817 non
851 2766 933 2832 piget,
943 2765 1067 2820 Seazon.

378 2844 482 2901 nostro,
494 2857 631 2909 rogamus,
642 2857 730 2909 pauca
740 2842 823 2893 verba
832 2840 958 2892 Materno

251 2957 366 3051 Ἠ
