2750 3450
345 339 394 390 130
632 335 845 384 Manrlllnrs

508 463 541 500 55.
562 458 600 499 [le
615 456 711 511 aquila
725 459 859 512 portante
873 454 980 501 loven.

346 536 400 587 Dic
410 533 485 597 milri,
497 550 574 601 quem
586 539 685 599 portes,
696 533 835 583 volucrum
847 532 964 599 regina?
982 535 1116 587 Tonantes

382 610 466 660 Nulla
475 625 556 659 manu
567 624 650 674 quare
660 608 775 657 fulmina
785 606 891 673 gestat?
910 608 1005 661 Amat.

347 686 407 747 Quo
419 685 489 735 calet
498 685 560 750 igne
571 681 653 733 deusl
672 681 763 732 Pueri.
788 681 843 732 Cur
851 682 930 733 mitis
941 690 1042 749 aperto

382 760 495 826 respicis
508 773 554 808 ore
565 755 672 807 loveml
696 755 738 806 De
750 754 909 821 Ganymede
920 756 1035 824 loquor.

625 863 658 902 56.
684 860 723 900 Al
743 859 854 914 Lupum.

437 940 488 990 Cui
498 939 601 1000 tradas,
611 936 697 1002 Lupe,
708 937 791 986 filium
802 935 949 1002 magistro,

436 1016 545 1081 quaeris
556 1012 701 1073 sollicitus,
715 1011 814 1076 diuque
824 1015 924 1060 tentas.

438 1090 537 1139 Omnes
546 1086 792 1154 grammaticosque
802 1081 986 1152 rhetorasque

436 1164 548 1224 devites,
559 1176 671 1221 mone03
686 1157 754 1210 nihil
765 1160 801 1208 sit
809 1158 854 1208 illi

437 1253 496 1288 cum
507 1237 584 1287 libris
596 1235 744 1296 Ciceronis,
757 1240 804 1283 aut
812 1232 949 1285 Maronis.

436 1312 538 1361 Famae
548 1310 680 1360 Tutilium
691 1323 755 1359 suae
769 1308 913 1373 relinquat.

437 1385 467 1438 Si
476 1402 568 1436 versus
578 1384 654 1446 facit,
666 1383 776 1434 abdices
786 1387 905 1448 poetam.

436 1462 513 1510 Artes
526 1461 629 1510 discere
640 1458 698 1508 vult
707 1455 887 1523 pecuniosasl

436 1535 500 1597 Fac,
512 1535 601 1584 discat
613 1532 795 1593 citharoedus,
807 1536 854 1580 aut
864 1528 1023 1583 choraules.

438 1609 468 1661 Si
478 1609 539 1659 duri
548 1624 614 1674 puer
622 1608 714 1674 ingeni
724 1606 839 1668 videtur,

435 1699 597 1752 praeconem
607 1682 704 1746 iacias,
714 1680 758 1734 vel
768 1678 956 1732 architectum.

618 1782 652 1821 5⁷.
678 1778 717 1819 Ad
737 1778 860 1820 Cinnam.

347 1856 413 1908 Cum
422 1872 492 1907 voco
502 1864 530 1906 te
541 1856 688 1918 dominum,
699 1856 757 1906 noli
767 1855 828 1917 tibi,
840 1854 937 1917 Cinna,
953 1854 1075 1921 placere:

382 1947 463 1997 saepe
473 1933 556 1981 etiam
567 1946 671 1981 servum
682 1932 723 1980 sic
731 1930 852 1980 resaluto
862 1944 962 1979 meum.

585 2022 618 2059 58.
643 2018 683 2058 Ad
702 2016 888 2059 Posthumum.

347 2096 413 2145 Cras
423 2101 451 2145 te
460 2096 602 2156 victurum,
614 2110 674 2144 cras
685 2094 763 2156 dicis,
774 2091 931 2157 Posthume,
941 2109 1058 2161 semper.

383 2169 437 2220 Dic
447 2168 522 2231 mihi,
534 2184 594 2219 cras
604 2168 686 2230 istud,
698 2168 853 2230 Posthume,
865 2168 976 2234 quando
988 2166 1077 2220 venit!

347 2244 435 2305 Quam
445 2245 526 2309 longe
538 2259 597 2293 cras
607 2242 698 2293 istudl
709 2243 756 2293 ubi
767 2241 824 2293 esti
839 2249 886 2292 arrt
895 2243 968 2293 unde
978 2243 1112 2309 petendum

382 2318 520 2384 Numquid
532 2318 602 2383 apud
613 2316 731 2368 Parthos
740 2318 936 2383 Armeniosque
945 2317 1032 2369 latetl

346 2393 404 2444 lam
416 2410 475 2443 cras
485 2393 559 2443 istud
570 2391 652 2442 habet
660 2391 765 2442 Priami
774 2392 817 2442 vel
827 2390 955 2443 Nestoris
966 2408 1063 2446 annos.

385 2469 451 2519 Cras
462 2468 535 2518 istud
547 2468 648 2534 quanti,
661 2467 705 2516 dic
715 2465 791 2529 mihi,
802 2468 889 2532 possit
897 2466 968 2516 cmii

348 2544 414 2593 Cras
425 2544 512 2593 vives:
524 2541 605 2592 hodie
615 2543 670 2592 iam
680 2543 780 2604 vivere,
794 2538 952 2604 Posthume,
962 2558 1053 2594 serum
1063 2547 1104 2592 ert·

384 2618 432 2668 llle
442 2618 522 2683 sapit,
534 2618 666 2683 quisquis,
677 2614 832 2678 Posthume,
843 2616 913 2665 vixit
923 2613 993 2666 heri.

615 2707 648 2743 59.
675 2704 713 2743 :ld
734 2702 863 2744 Stellam.

343 2779 426 2841 erod
434 2797 490 2834 non
502 2786 654 2851 argentum,
666 2780 742 2848 qrrod
748 2795 806 2830 non
811 2779 866 2828 tini
872 2780 1000 2831 misimus
1012 2795 1108 2836 aurum.

368 2856 427 2912 lroc
437 2858 562 2917 facimus
574 2875 673 2925 eausa,
683 2856 776 2910 Stella
786 2855 966 2913 disertam.
