2750 3450
320 378 370 431 236
611 382 826 430 dinarialis

319 504 420 557 Fessus
429 504 504 556 mille
513 504 612 569 modis,
622 505 692 559 illud
702 505 805 572 puerile
818 506 949 572 poposci:

358 585 420 630 ante
431 595 524 646 preces
534 585 608 630 totas
618 582 760 646 primaque
770 580 854 631 verba
863 581 953 633 dedit.

320 653 474 721 lmprobius
485 653 614 720 quiddam
626 654 772 720 ridensque
781 655 935 721 rubensque
945 656 1058 723 rogari:

358 728 484 794 pollicita
494 734 536 779 est
545 728 621 779 nulla
630 728 773 780 luxuriosa
782 744 869 780 mora.

307 852 309 857 .
321 802 375 855 Sed
385 801 452 854 mihi
462 818 530 870 pura
540 801 605 865 fuit3
620 804 672 854 tibi
681 819 737 855 non
747 805 808 866 erit,
818 802 967 870 Aeschyle:
977 805 1003 856 si
1009 805 1064 866 cis,

358 879 453 945 accipe
463 884 490 928 et
499 875 553 929 hcc
561 894 658 929 munus
669 878 827 929 conditione
837 878 919 929 mala.

537 985 571 1026 69.
595 981 626 1024 lu
645 983 810 1035 magistrun
829 980 898 1025 ludi.

324 1077 396 1139 Quid
405 1077 458 1128 tibi
467 1077 610 1128 nobiscum
621 1081 670 1138 cst,
680 1075 740 1127 ludi
750 1076 881 1127 scelerate
891 1077 1033 1144 magister,

357 1153 474 1204 invisum
486 1152 577 1217 pueris
586 1151 791 1218 virginibusque
802 1149 900 1217 caputl

321 1226 448 1278 Nondum
460 1226 566 1277 cristati
575 1240 672 1291 rupere
682 1225 793 1276 silentia
803 1225 884 1292 gallis

358 1315 493 1353 murmure
501 1300 558 1350 iam
570 1314 652 1351 saevo
663 1300 873 1367 verberibusque
882 1306 975 1352 tonas.

322 1378 391 1427 Tam
402 1389 484 1443 grave
494 1374 630 1441 percussis
638 1374 784 1426 incudibus
795 1390 860 1427 aera
869 1376 1013 1440 resultant,

359 1450 527 1501 causidicum
538 1449 629 1499 medic
641 1464 701 1500 cum
711 1448 790 1500 faber
800 1455 877 1517 aptat
887 1465 967 1517 equo.

321 1525 418 1577 Mitior
427 1526 456 1574 in
466 1539 566 1591 magno
577 1524 682 1575 clamor
692 1523 759 1575 fucrit
769 1523 981 1591 amphitheatro,

357 1600 476 1651 vincenti
486 1614 597 1666 parmae
608 1614 667 1649 cum
678 1614 729 1649 sua
742 1600 823 1650 turba
831 1599 914 1651 favet.

288 1684 293 1694 “
321 1673 414 1728 Vicini
423 1690 547 1727 somnum
558 1690 613 1726 non
622 1679 684 1726 tota
693 1679 773 1726 nocte
783 1689 925 1744 rogamus:

357 1766 420 1802 nam
431 1751 546 1817 vigilare
556 1750 616 1801 leve
626 1756 675 1813 cst,
687 1750 851 1817 pervigilare
860 1765 953 1817 grave.

322 1825 481 1893 Discipulos
492 1825 599 1876 dimitte
608 1831 680 1876 tues.
710 1821 770 1887 Vis,
783 1825 901 1892 garrule,
913 1831 1044 1891 quantum

359 1901 462 1967 accipis
471 1906 502 1951 ut
511 1901 620 1964 clames,
633 1901 757 1968 accipere
768 1905 798 1949 ut
806 1898 916 1951 taceas!

562 2008 597 2049 10.
621 2002 653 2046 In
671 2004 874 2058 Polyccrmum.

322 2099 389 2150 cum
399 2097 492 2162 futuis,
503 2096 674 2165 Polycarme,
686 2099 759 2151 soles
768 2101 797 2149 in
808 2099 860 2151 line
871 2115 979 2151 cacare.

360 2173 426 2224 (lum
436 2173 600 2240 medicaris,
611 2174 685 2245 quid,
696 2173 868 2240 Polycarme‚
878 2173 967 2227 facist

562 2281 595 2320 11.
620 2278 651 2320 ln
672 2278 873 2322 Caecilianum.

321 2373 446 2436 Dixerat,
459 2386 476 2422 ο
487 2370 597 2423 nonus!
618 2386 635 2422 c
648 2370 798 2424 runcone!
818 2373 926 2425 Tullius
938 2375 1017 2440 olim,

358 2447 520 2515 sacrilegum
532 2452 648 2499 strueret
659 2464 719 2498 cum
731 2448 852 2500 Catilina
860 2447 952 2500 nefas:

322 2538 382 2574 cum
392 2528 566 2590 generatque
577 2538 655 2574 socer
668 2523 737 2574 dirls
748 2529 921 2575 concrrrreret
933 2524 1030 2589 armis,

358 2602 518 2665 moestaque
530 2597 605 2648 civili
615 2597 699 2649 caede
708 2598 832 2650 maderet
840 2596 947 2649 humus.

322 2671 377 2722 Cur
386 2687 465 2735 nunc,
478 2686 494 2721 ο
506 2669 614 2723 uonnsl
636 2688 682 2723 eur
691 2688 771 2736 nunc,
784 2686 801 2723 c
814 2670 966 2724 rrurounl
987 2672 1076 2726 diciel

359 2745 439 2807 Quod
451 2747 502 2799 tibi
512 2762 568 2799 non
578 2747 696 2815 placeat,
708 2746 871 2811 caeciliane,
883 2746 1020 2814 quaesti

301 2820 392 2873 Nulla
407 2823 510 2879 ducum
520 2824 631 2893 feritas,
642 2824 724 2880 nulla
734 2822 986 2877 estinsuniaierr‘u

327 2913 408 2967 pace
418 2902 479 2958 frui·
492 2911 586 2974 certa,
597 2905 774 2975 laetitiaque
779 2902 863 2957 licet.
