2750 3450
615 589 680 638 24
1190 590 1620 638 MARTIALIS

614 713 971 779 Desperanda
986 713 1089 764 tibi
1111 718 1195 764 est
1211 712 1448 780 ingentis
1465 712 1647 779 gloria
1663 710 1794 762 satit

688 803 796 838 non
817 795 974 854 potes
994 784 1101 838 hoc
1117 787 1296 838 tenuis
1316 787 1522 853 praeda
1540 787 1639 837 sub
1660 784 1816 837 hoste
1842 787 2008 837 mori.

862 896 930 934 5³.
981 892 1375 939 quinctianum
1409 888 1555 934 facit
1584 898 1944 932 assertorem.

833 983 1165 1036 Commendo
1187 986 1307 1047 tibi,
1332 984 1675 1046 Quinctiane,
1705 989 1946 1047 nostros,

828 1066 1048 1110 nostros
1070 1062 1249 1112 dicere
1271 1061 1320 1110 si
1338 1066 1521 1111 tamen
1540 1056 1761 1109 libellos

830 1135 1055 1199 possim,
1077 1151 1214 1203 quos
1234 1135 1430 1185 recitat
1447 1139 1571 1184 tuus
1591 1137 1772 1198 poeta.

832 1206 893 1259 Si
914 1208 980 1259 de
999 1212 1224 1261 servitio
1244 1209 1400 1276 gravi
1421 1211 1732 1274 queruntur,

832 1289 1072 1334 assertor
1090 1284 1296 1346 venias,
1318 1283 1560 1348 satisque
1581 1284 1842 1347 praestes,

830 1363 886 1407 et
904 1373 1023 1408 eum
1046 1373 1103 1409 se
1125 1357 1404 1409 dominum
1423 1354 1645 1407 vocabit
1661 1354 1775 1418 ille,

829 1432 984 1483 dicas
1003 1447 1122 1484 esse
1140 1446 1311 1494 meos,
1333 1445 1601 1496 manuque
1620 1430 1839 1481 missos.

830 1505 957 1557 Hoc
976 1507 1024 1556 si
1043 1511 1232 1572 terque
1253 1511 1549 1572 quaterque
1571 1503 1895 1568 clamitatis,

827 1581 1076 1646 impones
1097 1581 1369 1647 plagiario
1390 1579 1670 1646 pudorem.

1103 1689 1172 1730 54.
1229 1684 1305 1727 Ad
1337 1684 1716 1727 Fidentinum.

726 1778 843 1828 Una
863 1783 946 1828 est
962 1778 1021 1828 in
1040 1778 1243 1829 nostris
1261 1783 1375 1840 tua,
1396 1777 1701 1839 Fidentine,
1721 1772 1926 1827 libellis

720 1852 938 1918 pagina,
962 1852 1058 1903 sed
1079 1858 1228 1903 certa
1248 1853 1460 1903 domini
1479 1852 1696 1919 signata
1726 1849 1926 1917 figura3

724 1941 864 1993 quae
882 1932 979 1976 tua
996 1926 1236 1978 traducit
1252 1926 1547 1977 manifesto
1571 1924 1815 1976 carmina
1832 1922 2001 1975 furto.

724 1999 819 2052 Sic
835 2002 1189 2067 interpositus
1210 2003 1345 2053 vitio
1370 2001 1709 2052 contaminat
1724 2003 1890 2050 uncto

720 2076 910 2126 urbica
932 2075 1269 2143 Lingonicus
1291 2072 1657 2142 Tyrianthina
1676 2072 2133 2126 bardocucullum

722 2151 804 2201 sie
822 2151 1079 2201 Aretinae
1097 2150 1309 2202 violant
1327 2149 1650 2215 crystallina
1668 2153 1869 2199 testaet

723 2226 803 2275 sie
822 2226 994 2291 niger,
1016 2225 1076 2275 in
1095 2225 1233 2291 ripis
1253 2230 1401 2274 errat
1420 2239 1537 2274 cum
1561 2222 1700 2274 forte
1722 2221 1963 2288 Caystri,

720 2300 864 2349 inter
882 2297 1137 2349 Ledaeos
1154 2298 1362 2348 ridetur
1383 2314 1577 2348 corvus
1601 2298 1808 2348 olores=

721 2373 800 2423 sic
824 2373 914 2424 ubi
937 2371 1234 2423 multisona
1252 2371 1425 2423 fervet
1444 2387 1600 2422 sacer
1619 2370 1836 2422 Atthide
1854 2370 2036 2435 lucus,

718 2446 973 2511 improba
994 2445 1290 2511 Cecropias
1311 2445 1544 2497 offendit
1563 2447 1689 2512 pica
1709 2446 1979 2512 querelas.

720 2521 906 2571 Indice
929 2536 1040 2571 non
1061 2535 1197 2587 opus
1219 2528 1301 2571 est
1320 2522 1538 2583 nostris,
1552 2536 1653 2572 neo
1670 2520 1885 2571 vindice
1905 2519 2098 2572 libris=

724 2602 833 2646 stat
855 2599 1063 2658 contra,
1086 2595 1327 2662 dicitque
1347 2596 1450 2646 tibi
1470 2601 1567 2645 tua
1584 2596 1804 2662 pagina,
1823 2594 1913 2645 fur
1932 2611 2009 2646 es.

1159 2703 1229 2741 ⁵⁵.
1286 2699 1365 2740 Ad
1396 2699 1647 2742 Fuscum.

831 2790 889 2841 Si
913 2792 1060 2857 quid,
1081 2790 1272 2854 Fusce,
1294 2806 1459 2843 vacas
1482 2788 1658 2841 adhuc
1677 2792 1876 2851 amari3

831 2869 979 2928 (nam
1000 2872 1124 2916 sunt
1147 2864 1273 2917 hinc
1290 2867 1412 2929 tibi,
1437 2873 1562 2916 sunt
1581 2871 1635 2917 et
1653 2863 1779 2916 hinc
1800 2867 1964 2916 amici
1979 2869 2022 2929 e)

829 2955 1010 3002 unum,
1032 2941 1077 2991 si
1101 2946 1362 3005 superest,
1384 2941 1566 2993 locum
1586 2955 1868 3005 rogamus:

831 3029 929 3064 nec
949 3030 1051 3075 me,
1076 3014 1222 3080 quod
1241 3016 1347 3066 tibi
1364 3031 1484 3066 sum
1504 3031 1695 3076 novus,
1718 3029 1965 3067 recusem

832 3103 1017 3139 omnes
1037 3086 1144 3139 hoc
1162 3095 1368 3140 veteres
1388 3091 1467 3140 tui
1490 3089 1722 3141 fuerunt.
