2750 3450
325 386 644 434 Eplouummdrum
671 385 737 430 mu.
760 382 789 428 ll.
918 380 951 431 57

260 524 310 558 ram
320 511 397 560 triste
408 514 490 574 eaput
497 507 611 559 fastidia
624 507 803 574 vespillonum

263 584 329 633 iseri
339 585 437 634 meruit
446 583 538 633 taedia
547 582 692 645 carnificis,

260 672 305 708 ore
316 659 405 720 aliter,
414 658 552 724 nimiaque
563 657 691 723 aerugine
701 661 804 721 ceptris,

260 736 313 782 tras
323 747 429 794 nomen,
441 732 514 799 quod
523 731 576 782 tibi
586 745 689 796 cunque
700 730 788 780 datur.

260 811 285 856 et
293 807 449 874 inguinibus
459 807 550 872 potius
559 811 616 856 tam
625 805 711 855 noxie
720 804 827 870 linguar

272 896 332 932 cum
345 880 461 944 felleret,
471 879 624 947 puriorilla
632 878 696 929 luit.

423 1005 458 1045 8².
480 1001 512 1044 ln
530 1001 689 1043 Labienum.

260 1085 358 1145 peetus,
370 1079 444 1146 quod
454 1093 532 1130 crura
540 1078 602 1140 tibi,
612 1076 687 1144 quod
696 1074 810 1128 bruchio
818 1077 906 1142 vellis,

261 1154 274 1204 d
285 1155 375 1205 cineta
384 1160 426 1204 est
437 1153 564 1205 brevibus
572 1152 694 1203 mentula
703 1158 785 1203 tonsa
794 1151 871 1218 pilis:

261 1234 358 1291 aestus,
369 1227 499 1290 Labiene,
508 1233 580 1290 tuae,
596 1227 669 1292 (quis
679 1224 798 1286 nesciti)
819 1228 932 1279 aulicae.

260 1310 384 1369 praestas
395 1303 491 1365 culum,
502 1316 590 1368 quem,
602 1300 735 1364 Labiene,
744 1301 833 1367 pilosi
891 1294 897 1305 '

425 1417 459 1456 6³.
482 1411 513 1455 ln
532 1411 684 1456 Milichum.

263 1491 291 1542 bi
302 1489 410 1542 fuerant
419 1490 553 1552 sestertia,
562 1488 684 1553 Milicho,
695 1495 811 1554 eentum,

261 1581 269 1617 e
279 1565 367 1616 tulite
378 1579 456 1615 sacra
465 1563 542 1614 Lede
551 1564 673 1614 redemta
681 1565 735 1614 via.

261 1655 284 1704 e,
294 1639 403 1691 luxuria
412 1644 461 1701 est,
476 1639 500 1689 si
510 1639 580 1688 tanti
589 1637 664 1688 dives
675 1653 790 1690 amares.

261 1714 409 1778 animiam
420 1713 509 1765 dices:
528 1711 597 1764 hoec
605 1727 684 1780 mage
698 1712 866 1766 luxuriaest
924 1730 926 1734 ·

436 1829 470 1870 64-
494 1825 526 1868 ln
547 1825 676 1869 Taurum.

261 1903 327 1955 rodo
338 1904 514 1966 earuidieum,
530 1903 592 1955 dum
608 1911 635 1955 te
648 1904 732 1955 modo
744 1901 856 1956 rhetora
864 1904 953 1974 lingis,

261 1994 293 2029 on
303 1978 434 2042 decernis,
445 1979 545 2041 Teure,
556 1979 622 2046 quid
632 1994 692 2030 esse
701 1978 779 2041 velis,

271 2058 299 2103 et
307 2052 411 2104 Priami
419 2055 518 2104 transit
528 2054 570 2104 vel
581 2052 707 2105 Nestoris
718 2058 803 2117 aetas,

261 2132 327 2179 ierat
336 2143 425 2180 serum
435 2130 489 2179 iam
500 2128 552 2180 tibi
563 2128 694 2180 desinere.

262 2219 269 2251 z
288 2208 344 2252 tres
353 2218 408 2253 uno
418 2204 556 2269 perierunt
564 2201 687 2256 rhetores
701 2218 782 2266 anno,

261 2276 301 2327 rid
311 2275 394 2328 habes
405 2279 497 2335 animi,
507 2279 531 2329 si
543 2277 607 2345 quid
616 2279 646 2328 ln
656 2283 714 2329 arte
728 2277 811 2329 vales.

261 2351 467 2413 >indemnatum
484 2351 546 2402 iore
555 2353 650 2403 litibus
661 2352 754 2403 omnia
763 2350 880 2403 fervent:

268 2431 361 2492 potest
369 2425 427 2476 lieri
438 2426 552 2493 Marsya
561 2426 725 2478 causidicus.

263 2515 287 2563 e,
297 2515 391 2566 rumpe
400 2516 504 2551 moras:
526 2507 617 2567 quote
627 2500 799 2567 sperabimus
809 2498 909 2566 usquei

262 2575 360 2641 u‚.quid
370 2575 417 2638 sis,
430 2575 547 2636 dubitas,
560 2575 616 2625 iam
626 2579 706 2640 potes
716 2587 776 2625 esse
785 2570 863 2624 nihil.

420 2683 454 2723 65.
481 2680 509 2720 in
529 2677 700 2720 Saleianum.

262 2772 293 2805 ur
301 2756 448 2807 tristiorem
460 2756 598 2811 ceruimus
609 2754 795 2812 Saleianuml

262 2843 359 2879 recusa
369 2830 441 2885 levis
452 2833 513 2888 esti
534 2837 765 2908 extuli,inquis,
778 2845 922 2887 uxorem·

262 2903 355 2955 rande
364 2905 419 2961 feti
431 2914 563 2971 crimen!
585 2934 606 2973 o
619 2933 748 2991 grauem
761 2902 890 2969 casum*-
