2750 3450
424 447 741 497 Erlualmmsrum
764 450 831 495 ΗΒ.
850 449 916 496 vlll.
1017 448 1066 499 213

275 570 339 623 fecit
348 569 524 639 Hyperborei
535 571 687 623 celebrator
697 571 784 623 Stella
792 571 936 639 triumphi:

312 662 328 697 o
339 643 440 714 pudori
462 663 477 699 o
488 645 590 713 pietas!
610 653 637 697 et
647 653 725 712 putet
734 662 794 696 esse
804 662 907 713 parum.

276 717 337 772 Non
344 721 388 772 illi
398 721 466 772 satis
477 726 519 772 est
527 721 637 772 turbato
649 721 777 772 sordidus
788 737 855 771 auro

311 793 438 859 Hermus,
448 800 475 846 et
484 794 620 862 Hesperio
631 796 678 861 qui
689 801 770 847 sonat
780 795 845 846 orbe
856 797 958 862 Tagus.

277 869 369 920 Omnis
379 867 462 920 habet
470 885 521 921 sua
531 870 605 921 dona
615 870 683 932 dies,
693 885 744 920 nec
753 870 826 920 linea
836 870 912 920 dives

311 949 414 1007 cessat3
429 950 456 995 et
463 944 493 995 in
502 944 632 1010 populum
643 945 730 995 multa
738 945 837 1010 rapina
847 945 929 995 cadit.

274 1016 353 1070 Nunc
361 1020 473 1070 veniunt
482 1019 580 1070 subitis
590 1019 696 1070 lasciva
705 1020 869 1069 numismata
877 1019 991 1070 nimbis:

309 1109 382 1144 nunc
391 1093 440 1144 dat
449 1099 586 1160 spectatas
596 1099 702 1144 tessera
711 1094 788 1160 larga
799 1093 879 1144 feras.

272 1166 352 1219 Nunc
361 1168 474 1234 implere
484 1169 559 1219 sinus
569 1184 680 1220 securos
690 1169 799 1235 gaudet,
811 1174 838 1219 et
848 1169 946 1220 absens

228 1282 231 1305 ,
310 1243 425 1293 sortitur
435 1241 570 1306 dominos,
581 1258 614 1293 ne
624 1243 767 1306 laceretur,
779 1245 846 1294 avis.

228 1312 237 1381 ⁸¹.
273 1315 348 1378 Quid
357 1332 494 1368 numerem
508 1332 610 1380 curms,
619 1323 662 1368 ter
672 1318 794 1384 donaque
805 1318 927 1384 praemia
936 1318 1052 1384 palmae,

310 1406 381 1458 quae
390 1391 456 1442 dare
465 1406 520 1442 non
530 1407 636 1458 semper
648 1394 742 1444 consul
753 1399 866 1458 uterque
876 1391 962 1443 soleti

228 1470 230 1475 '
271 1465 374 1517 Omnia
383 1466 441 1529 sed,
452 1465 562 1529 Caesar,
572 1472 649 1517 tanto
660 1473 823 1533 superantur
831 1465 944 1533 honore,

310 1540 384 1607 quod
394 1546 576 1608 spectatorem
585 1547 613 1592 te
622 1546 671 1592 tua
680 1542 773 1592 laurus
784 1540 873 1592 habet.

536 1649 572 1689 so.
595 1645 628 1688 Iu
645 1631 801 1688 naalma.

382 1720 481 1774 Omnes
492 1728 539 1774 aut
547 1724 652 1775 vetulas
664 1721 747 1774 habes
759 1724 870 1785 amicas,

382 1801 430 1847 aut
438 1801 540 1864 turpes,
552 1799 704 1865 vetulisque
714 1797 865 1848 foediores:

380 1867 431 1923 has
442 1872 519 1923 ducis
531 1873 653 1936 comites,
663 1870 804 1938 trahisque
813 1878 902 1923 tecum

381 1960 430 2011 per
440 1947 575 2009 convivia,
586 1948 718 2013 porticus,
729 1945 845 1997 theatro.

327 2057 330 2062 -
381 2018 429 2071 Sic
437 2019 568 2083 formosa,
576 2020 703 2083 Fabulla,
712 2022 753 2072 sic
762 2021 854 2088 puella
864 2037 902 2072 es.

505 2120 540 2159 8⁰.
564 2116 604 2158 Ad
624 2117 823 2159 Domitianum.

268 2193 435 2245 Sanctorum
445 2192 526 2244 nobis
538 2193 671 2244 miracula
680 2193 773 2245 reddis
784 2208 906 2255 avorum,

305 2282 360 2319 uec
368 2268 480 2332 pateris,
492 2266 603 2331 Caesar,
613 2267 707 2319 secula
717 2283 786 2318 caua
795 2267 879 2318 moris

268 2357 332 2396 cum
341 2346 448 2393 veteres
457 2340 556 2393 Latiae
566 2343 634 2393 ritus
644 2349 810 2394 renovantur
820 2356 928 2404 arenae,

306 2421 337 2468 et
345 2422 450 2483 pugnat
459 2418 545 2468 virtus
555 2417 723 2483 simpliciore
733 2432 822 2466 manu.

269 2489 319 2544 sie
327 2491 428 2557 priscis
438 2497 562 2543 servatur
571 2489 660 2543 honos
669 2498 697 2541 te
707 2490 833 2557 praeside
842 2487 961 2554 templis,

306 2571 336 2617 et
345 2570 476 2616 casatam
488 2566 561 2617 culto
572 2564 622 2616 sub
633 2565 697 2617 love
707 2581 805 2615 numen
815 2562 905 2615 hahet.

270 2639 318 2694 Sic
327 2654 402 2691 nova
411 2638 474 2691 dum
487 2639 591 2703 condis,
601 2656 725 2702 revocas,
739 2641 867 2707 Anguste,
876 2638 984 2704 priora:

306 2713 450 2779 debeutm,
461 2730 531 2782 quae
540 2721 603 2765 sunt
613 2730 735 2782 quaeque
748 2713 832 2777 fuere,
842 2711 903 2763 tibi.

569 2813 604 2852 81.
630 2809 669 2850 Iis
690 2806 796 2851 Gellia.

362 2885 389 2939 N
390 2901 427 2946 ou
435 2901 486 2953 per
494 2886 612 2953 mystica
622 2900 703 2937 sacra
713 2883 915 2953 Dindymenes,

360 2959 603 3028 nscperNiliacae
613 2960 714 3038 hovem
724 2964 878 3028 iuvencae,
