2750 3450
428 339 747 389 urrensunnrun
778 314 849 389 uin.
875 344 917 390 vr.
1014 339 1063 393 lta

476 524 481 533 Ι
545 465 579 504 23.
604 461 635 504 ln
652 461 790 506 Lesbiam.

272 535 353 590 Stare
361 536 439 587 iubes
448 541 570 588 nostruin
581 553 685 604 semper
693 536 754 600 tihi,
763 536 872 602 Lesbia,
882 554 989 605 penem:

311 610 391 662 credo
400 609 474 675 mihi,
484 628 540 663 non
551 618 592 663 est
600 613 729 674 mentula,
740 612 813 678 quod
823 613 932 680 digitus.

272 687 317 737 'l'u
326 685 392 736 licet
401 692 429 736 et
437 687 570 749 manibus,
580 687 688 737 blandis
699 691 726 736 ct
734 686 847 738 vocibus
857 688 954 739 instes:

311 765 443 812 contrata
452 759 538 812 facies
547 761 697 827 imperiosa
705 765 754 811 tua
768 767 817 812 est.

519 852 553 889 24.
577 849 616 890 De
637 846 813 891 Charisiano.

418 922 464 975 Nil
474 923 604 974 lascivius
617 929 659 974 est
669 921 844 976 Charisiano:

418 996 608 1049 Saturnalibus
618 998 740 1049 ambulat
748 1003 867 1066 togatus.

504 1088 538 1126 25.
561 1084 602 1126 Ad
620 1083 824 1128 Marcellinum.

272 1161 443 1229 Marcelline,
453 1161 519 1212 honi
529 1161 639 1213 soboles
649 1162 756 1212 sincera
767 1164 897 1228 parentis,

310 1235 422 1288 horrida
431 1235 577 1287 Parrhasio
589 1250 667 1302 quem
680 1238 749 1302 tegit
757 1251 822 1288 ursa
831 1238 910 1304 iugo:

271 1312 320 1362 ille
330 1316 407 1362 vetus
417 1326 466 1377 pro
476 1315 504 1360 te
514 1311 671 1376 patriusque
685 1311 759 1378 quod
770 1317 847 1377 optat
857 1312 969 1374 amicus,

311 1386 412 1451 accipe,
423 1390 450 1436 et
459 1382 527 1435 haec
536 1386 650 1436 memori
660 1391 770 1452 pectora
779 1391 844 1436 vota
853 1391 926 1437 tene:

274 1465 356 1511 cauta
366 1461 402 1510 sit
410 1465 441 1510 ut
449 1460 543 1522 virtus,
553 1475 603 1511 uec
612 1464 639 1510 te
648 1460 808 1511 temerarius
819 1461 900 1512 ardor

308 1535 338 1584 in
347 1535 452 1586 medios
463 1548 539 1584 enses
550 1548 684 1601 saevaque
693 1534 750 1584 tela
759 1534 838 1585 ferat.

273 1608 356 1660 Bella
365 1608 457 1672 velint,
466 1606 636 1675 Martemque
646 1607 732 1659 ferum
741 1609 857 1660 rationis
867 1616 988 1676 egentes:

310 1689 341 1735 tu
350 1689 428 1750 potes
439 1688 465 1735 et
473 1684 580 1751 patriae
590 1683 668 1734 miles
678 1688 707 1736 et
715 1698 774 1735 esse
784 1683 874 1736 decus.

550 1775 585 1814 26.
609 1770 649 1813 Do
667 1770 781 1814 Sotodo.

366 1847 539 1900 Periclitatur
550 1847 639 1913 capite
650 1845 766 1897 Sotades
776 1851 876 1897 noster.

365 1922 450 1974 Reum
460 1923 563 1988 putatis
574 1937 633 1973 esse
644 1920 791 1972 Sotademl
809 1919 835 1971 N
837 1936 871 1971 on
882 1927 931 1971 est.

365 1998 489 2065 Arrigere
500 1997 571 2048 desit
580 2011 661 2062 posse
671 1994 802 2047 Sotades:
817 1995 905 2062 lingit.

535 2105 569 2143 at.
594 2100 634 2142 Ad
653 2099 797 2155 Nepotem.

272 2180 322 2231 Bis
331 2179 419 2230 vicine
429 2177 521 2245 Nepos
532 2180 606 2242 (nam
616 2182 647 2227 tu
657 2192 764 2243 quoque
774 2177 900 2243 proxima
910 2177 1008 2227 Florae

310 2253 419 2315 incolis,
429 2258 456 2304 et
465 2259 568 2304 veteres
577 2258 608 2303 tu
620 2267 728 2318 quoque
738 2251 868 2314 Ficelias)

273 2327 384 2389 esttibi,
395 2316 464 2394 quae
473 2328 564 2394 patria
573 2327 698 2394 signatur
706 2327 825 2392 imagine
838 2326 937 2388 vultus,

311 2402 389 2453 testis
399 2408 535 2454 maternae
544 2406 609 2451 nata
618 2401 777 2468 pudicitiae.

273 2478 318 2528 Tu
326 2482 418 2526 tamen
428 2492 531 2528 annoso
542 2476 655 2527 nimium
664 2490 699 2525 ue
709 2490 790 2541 parce
798 2473 929 2526 Falerno:

311 2557 338 2602 et
348 2551 439 2617 potios
448 2550 542 2616 plenos
554 2565 615 2601 aere
625 2549 748 2615 relinque
759 2548 851 2599 cados.

273 2625 316 2679 Sit
326 2626 381 2691 pia,
391 2625 428 2675 sit
437 2625 566 2691 locuples,
577 2624 625 2675 sed
636 2628 713 2690 potet
723 2623 781 2673 filia
791 2628 920 2685 mustum:

312 2698 444 2766 amphora
454 2715 513 2749 cnm
524 2700 636 2750 domina
645 2712 798 2749 nuncnova
808 2698 857 2747 liat
866 2713 942 2749 auus.

274 2775 402 2827 Caecuba
411 2789 466 2825 non
475 2774 552 2825 solos
561 2774 701 2826 vindemia
709 2773 815 2827 nutriat
825 2773 927 2826 orhns:

298 2853 419 2914 possunt
426 2853 555 2915 etpatres
566 2852 674 2922 vivere,
685 2853 772 2909 erede
779 2850 865 2908 milii.
