2750 3450
523 364 803 414 supposlrfflrl.
1009 359 1059 411 381

269 490 374 544 sivero
384 502 535 557 quenquam
545 488 667 555 pulsabit
676 488 798 554 supplice
807 492 884 552 voto,

303 571 398 616 utnon
408 569 511 626 exoret,
521 565 609 614 serien
618 564 703 614 vestis
719 563 804 612 adest.

266 640 339 708 Ergo
350 654 384 689 ne
394 643 495 705 pereat,
507 638 557 688 fiat
567 637 600 690 de
612 639 696 688 divite
706 652 822 703 pauper:

303 729 407 781 pauper
416 713 487 764 enim
497 711 586 764 saeuis
597 713 681 764 ditior
691 727 749 763 ease
759 715 858 777 potest.

551 821 584 860 14.
608 817 648 858 An
667 813 773 857 Aulum.

267 894 330 948 Non
340 894 460 962 sanguis,
471 910 526 945 non
537 895 593 945 oria
603 892 701 956 honor,
711 908 767 943 non
780 891 870 958 gloria
880 906 984 953 cenans,

231 968 237 981 “
303 985 360 1021 non
369 970 490 1036 gravitas
500 984 606 1019 morum
616 968 748 1034 proderit,
758 966 834 1028 Aule,
845 967 904 1016 tibi.

267 1044 375 1110 Pauper
385 1045 456 1094 enim
466 1048 497 1093 tu
506 1057 612 1108 semper
621 1043 684 1104 eris,
696 1042 761 1107 quia
770 1054 874 1106 pauper
883 1055 925 1090 ea:
940 1044 968 1090 et
976 1045 1003 1090 te

306 1119 412 1185 colligit
421 1117 536 1169 ulterior
544 1117 674 1167 ulteriore
685 1115 794 1182 gradus.

536 1225 569 1262 1⁵.
593 1221 632 1261 An
651 1218 792 1272 Regulum.

267 1297 674 1364 PraedientHerrnagorna,non
684 1298 810 1347 omnibus
820 1310 880 1347 ease
889 1297 1059 1364 placendum.

304 1373 384 1441 Elige
394 1373 428 1425 de
437 1373 539 1435 multis,
548 1371 660 1438 Regule,
669 1372 714 1422 eui
723 1371 843 1437 placeas.

540 1468 573 1506 16.
597 1464 637 1505 Al
656 1461 790 1505 inlitum.

266 1541 359 1592 Multa
367 1537 435 1590 mihi
444 1540 540 1603 donas,
551 1554 647 1590 vereor
656 1555 691 1590 ne
700 1540 786 1590 multa
795 1541 927 1606 requiras.

306 1614 379 1668 Nolo
390 1612 458 1665 mihi
468 1614 562 1678 dones,
571 1613 674 1677 Auliee,
684 1614 710 1663 si
721 1619 838 1680 repetas.

507 1704 541 1746 11.
567 1700 606 1742 Al
626 1699 826 1745 Germanicum.

266 1780 383 1833 Exaltae
391 1780 421 1830 in
429 1779 478 1830 lite
487 1784 571 1841 tuam,
583 1776 752 1841 Gemanica,
763 1793 867 1842 vocem,

305 1861 336 1906 ut
346 1854 432 1906 iuriae
441 1854 540 1905 mentis
549 1868 603 1904 vox
612 1851 720 1903 furiosa
732 1857 820 1904 sonet.

548 1944 581 1983 18.
606 1939 785 1983 Allienum.

267 2019 365 2071 Omnia
376 2018 480 2069 amicus
491 2022 573 2080 amat,
584 2016 698 2068 sednon
709 2017 755 2083 qui
765 2023 838 2068 amat
847 2018 936 2069 omnia
945 2018 1060 2070 amicus:

307 2093 356 2145 ned
367 2108 454 2159 quem,
464 2091 558 2155 Basse,
569 2098 600 2142 tu
610 2106 694 2155 ames,
705 2097 764 2144 esto
775 2098 802 2143 et
812 2093 914 2144 amicus
925 2093 959 2143 ei.

530 2183 563 2223 19.
586 2178 619 2221 ln
639 2177 801 2232 Turgiuum.

266 2259 300 2310 ln
310 2261 418 2309 noctem
428 2256 553 2324 prandes,
563 2256 593 2307 in
601 2261 719 2320 noctem,
730 2257 858 2323 Turgr'de,
870 2272 979 2321 coenae,

306 2331 523 2398 multimodoque
533 2331 626 2383 mades
637 2337 718 2383 nocte
731 2331 828 2397 dieque
837 2346 923 2382 mero.

268 2408 391 2473 Cumque
402 2407 458 2458 euti
467 2405 586 2468 studeas,
596 2420 709 2458 uxorem
720 2406 818 2457 ducere
827 2421 882 2458 non
891 2406 946 2457 vie:

307 2498 367 2534 eum
378 2480 460 2545 nolin,
471 2481 550 2544 dicia,
560 2479 627 2531 vita
635 2482 737 2548 pudiea
746 2480 845 2546 placet.

267 2556 401 2624 Turglde,
411 2556 543 2607 mentiris.
563 2554 626 2606 Non
637 2561 678 2606 est
687 2554 756 2605 haee
764 2557 821 2605 vita
831 2555 938 2621 pudica.

306 2631 358 2684 vis
368 2632 467 2695 dicam,
479 2645 548 2697 quae
557 2631 594 2681 sit
603 2631 661 2682 vita
670 2628 785 2696 pudica?
803 2629 913 2681 Modus.

555 2722 589 2761 20.
613 2719 645 2760 In
665 2716 779 2759 Chloen.

266 2796 390 2849 Leneivo
402 2793 560 2863 Ganymede
571 2796 658 2850 cales:
674 2801 704 2849 te
715 2796 950 2866 quilibeiiniraiz

293 2869 469 2935 Hippolytes
478 2873 564 2927 etiam
576 2876 679 2931 reddis
693 2891 794 2931 amore
804 2887 925 2947 granea.
