2750 3450
386 409 700 458 EPIGRAMMATUM
725 411 795 458 LIB.
816 413 847 458 V.
963 409 1012 463 135

480 534 514 574 Π.
537 530 576 572 dd
592 526 749 572 Marullum.

254 628 356 674 uratur
364 622 436 675 belle
447 625 556 691 quidam
567 622 677 685 dixisse,
686 621 813 687 Marulle,

258 698 344 764 quite
354 696 425 749 ferre
436 699 525 749 oleum
535 698 606 749 dixit
613 697 643 748 in
653 698 812 748 auriculam.

476 831 511 871 78.
535 828 575 870 Διὶ
594 828 755 871 Toranium.

316 911 347 964 Si
355 913 430 963 tristi
440 913 613 965 domicoenio
623 913 744 974 laboras,

316 988 428 1049 iuraui,
438 993 516 1052 potes
526 989 627 1039 esurire
640 1002 754 1038 mecum.

315 1061 378 1113 Non
388 1061 500 1112 deerunt
507 1061 568 1124 tibi,
578 1063 601 1112 si
612 1062 685 1113 soles
696 1056 841 1125 προπίνω,

314 1137 382 1187 viles
396 1135 584 1201 Cappadocae,
594 1151 743 1203 gravesque
752 1138 837 1204 porri.

314 1210 421 1262 Divisis
432 1210 540 1276 cybium
550 1211 647 1262 latebit
657 1211 731 1262 ovis:

315 1290 431 1352 ponetur
441 1285 535 1352 digitis
544 1285 674 1336 tenendus
683 1284 773 1336 uncti's

313 1361 394 1427 nigra
403 1359 552 1410 cauliculus
560 1360 650 1410 virens
660 1360 773 1424 patella,

315 1434 447 1501 algentem
457 1433 540 1484 modo
551 1435 597 1500 qui
608 1434 720 1499 reliquit
728 1431 849 1483 hortum:

314 1512 342 1559 ct
350 1508 451 1575 pultem
462 1509 567 1558 niveam
578 1522 701 1573 premens
710 1507 839 1571 botellus,

315 1588 343 1635 et
352 1583 457 1648 pallens
467 1581 532 1632 faba
542 1597 601 1632 cum
611 1583 724 1633 rubente
734 1581 823 1633 lardo.

314 1657 426 1708 Mensae
435 1671 547 1707 munero
556 1657 581 1707 si
589 1656 666 1706 voles
676 1655 819 1718 secundae,

314 1737 464 1783 marcentes
474 1732 526 1782 tibi
535 1732 709 1797 porrigentur
718 1745 798 1793 uvae,

315 1812 343 1858 et
352 1821 450 1858 nomen
458 1821 528 1872 pyra
538 1818 607 1871 quae
617 1804 708 1855 ierunt
717 1804 862 1870 Syrorum3

316 1886 344 1932 et
353 1896 420 1948 quas
431 1880 513 1932 docta
521 1878 654 1947 Neapolis
667 1880 779 1942 creavit,

313 1955 388 2007 lento
400 1961 544 2007 castaneae
553 1970 655 2021 vapore
663 1959 768 2006 tostae:

314 2030 407 2081 vinum
416 2035 446 2080 tu
455 2028 540 2082 facies
550 2030 651 2081 bonum
660 2029 790 2080 bibendo.

315 2104 383 2155 Post
392 2102 459 2155 hacc
469 2105 561 2156 omnia
570 2104 641 2155 iomc
651 2105 676 2155 si
685 2103 808 2155 movebit

314 2176 447 2241 Bacchus,
458 2193 537 2244 quam
548 2179 627 2241 solet,
638 2180 822 2240 esuritionem,

315 2258 470 2304 succurrent
478 2254 528 2305 tibi
538 2253 645 2304 nobiles
656 2254 755 2315 olivae,

316 2326 410 2378 Piceni
419 2327 501 2378 modo
513 2342 580 2394 quas
589 2328 675 2378 tulere
685 2327 764 2389 rami,

315 2399 457 2453 etfervens
467 2402 547 2465 cicer,
561 2407 588 2452 et
597 2407 691 2468 tepens
700 2401 817 2466 lupinus.

315 2475 404 2527 Parva
414 2479 455 2525 est
467 2476 590 2539 coenula,
602 2477 674 2542 (quis
690 2479 781 2541 potest
794 2470 922 2542 negarei)

314 2549 363 2601 sed
373 2549 458 2618 finges
468 2547 544 2612 nihil,
556 2550 683 2600 audiesve
693 2548 794 2610 fictum,
896 2561 898 2566 ’

314 2629 343 2676 et
350 2623 427 2675 vultu
436 2623 560 2689 placidus
570 2629 618 2673 tuo
628 2622 782 2683 recumbes3

280 2691 284 2703 '
314 2713 365 2750 nec
375 2713 494 2750 crassum
505 2697 630 2749 dominus
640 2697 713 2763 leget
725 2694 865 2746 volumen:

315 2787 366 2824 nec
375 2772 408 2823 de
419 2770 541 2825 Gadibus
550 2771 687 2842 improbis
702 2769 814 2843 pueiiae

306 2846 452 2899 vibrabant
459 2850 521 2903 sine
531 2850 588 2906 tine
597 2852 764 2922 prurientes

289 2915 415 2975 lasum
424 2922 517 2981 docili
528 2934 664 2989 memore
673 2932 822 2988 lumbos·-
