2750 3450
437 346 748 394 Eplonnmmsrum
782 349 851 393 ΜΒ.
876 349 923 394 lv.
1041 345 1074 397 99

563 469 598 508 88.
621 465 661 508 Διὶ
680 464 797 509 Gallam.

281 559 378 622 Galla,
388 573 470 626 nega:
486 559 602 609 satiatur
612 574 697 621 amor,
707 559 761 609 nisi
773 559 876 626 gaudia
884 566 1021 624 torqueuta

322 633 373 685 sed
382 633 440 684 noli
449 633 571 696 nimium,
582 631 672 696 Galla,
683 648 783 700 negare
794 633 848 682 diu.

545 756 579 797 ³9.
604 752 817 795 arelatinum.
998 744 1059 826 ‘o'
1141 795 1154 845 ‹

393 829 504 896 Argenti
514 844 598 896 genus
609 845 686 881 omne
701 830 876 894 comparasti,
1007 857 1025 893 :r-
1039 796 1103 899 ’ᾗ

385 908 423 954 et
431 904 506 954 solus
515 909 619 954 veteres
628 903 756 969 Myronis
765 909 846 966 artes,
1024 914 1053 937 ³

395 977 470 1029 solus
480 977 627 1028 Praxitelis
637 994 742 1040 naeuus,
753 975 921 1043 Scopaeque,

394 1052 470 1103 solus
479 1050 604 1103 Phidiaci
616 1058 741 1104 toreuma
750 1053 830 1114 coeli,

373 1192 376 1197 ν
396 1126 470 1178 solus
482 1126 638 1178 Mentoreos
648 1125 732 1177 habes
742 1126 859 1177 labores.

394 1199 451 1251 Nec
460 1200 556 1256 desunt
565 1200 617 1251 tibi
625 1215 692 1252 vera
701 1199 861 1262 (incutiam,

393 1289 443 1325 nec
453 1290 521 1342 quae
532 1275 653 1326 Callaico
663 1276 785 1326 linuntur
795 1289 870 1336 auro,

393 1364 443 1400 nec
452 1351 551 1400 mensis
561 1350 711 1417 anaglypta
721 1351 754 1402 de
764 1349 892 1414 paternis.

393 1423 537 1489 Argentum
548 1428 638 1474 tamen
647 1425 719 1474 inter
732 1439 819 1485 omne,
828 1423 922 1482 miror,

395 1511 477 1563 quare
487 1514 540 1548 non
551 1496 661 1559 habeas,
672 1496 797 1560 Charine,
807 1512 911 1562 pnnnn.

424 1610 426 1614 '
525 1605 560 1643 40.
585 1601 623 1643 Αι]
643 1601 828 1642 Posthumum·

284 1675 364 1728 Atria
373 1674 502 1729 Pisonum
513 1678 622 1729 stabant
632 1694 691 1729 cum
702 1682 843 1728 stemmate
852 1681 922 1736 toto,

323 1757 351 1801 et
361 1751 436 1802 docti
447 1751 564 1804 Senecae
574 1760 615 1803 ter
624 1752 791 1804 numeranda
801 1752 909 1811 domus,

284 1826 462 1892 praetulimus
471 1828 554 1878 tantis
565 1828 653 1878 solum
662 1833 699 1890 te,
709 1823 864 1886 Posthume,
878 1824 981 1889 regnis:

322 1914 425 1966 pauper
434 1916 504 1964 eras,
515 1908 542 1952 et
551 1917 641 1968 eques,
655 1902 703 1953 sed
712 1897 779 1951 mihi
790 1897 884 1950 consul
895 1913 963 1948 eras.

285 1974 387 2024 Tecum
397 1980 438 2026 ter
448 1975 531 2027 denas
540 1976 690 2039 numeravi,
700 1972 856 2035 Posthume,
865 1971 987 2022 brumas:

323 2050 472 2099 eommunis
482 2049 562 2101 nobis
571 2050 657 2101 lectus
667 2057 695 2101 et
705 2065 773 2101 unus
786 2053 853 2099 erat.

278 2111 342 2171 lam
354 2122 455 2173 donare
465 2126 617 2190 potes5iam
628 2126 749 2191 perdere,
765 2123 859 2189 plenus
867 2119 1010 2183 honorum,

321 2196 413 2263 largus
424 2212 518 2264 opum:
532 2205 668 2265 exspecto,
682 2196 837 2260 Posthume,
848 2197 913 2263 quid
922 2195 1017 2246 facias.

285 2269 331 2321 Nil
341 2269 425 2321 facis:
445 2277 473 2322 et
481 2287 570 2323 serum
580 2279 621 2324 est
631 2275 714 2324 alium
724 2271 791 2323 mihi
802 2286 931 2339 quaerere
940 2285 1039 2337 regem.

322 2342 393 2408 Hoc,
403 2344 533 2410 Fortuna,
543 2347 648 2413 placati
667 2346 832 2399 posthumus
841 2345 980 2412 imposuit.

491 2455 527 2493 41.
550 2451 581 2493 ln
600 2451 668 2495 male
689 2452 864 2493 recitantem.

286 2524 357 2586 Quia
367 2526 530 2577 recitaturus
541 2528 692 2580 circumdas
702 2527 803 2578 vellera
814 2523 904 2576 colloi

322 2598 492 2652 Conveniunt
500 2602 601 2653 nostris
612 2603 723 2653 auribus
731 2602 781 2651 illa
793 2600 890 2666 magis.

551 2710 585 2748 42.
610 2707 647 2748 lo
666 2705 804 2749 Flaccum.

286 2779 315 2832 Si
326 2781 386 2846 quis
397 2779 469 2831 forte
478 2779 544 2831 mihi
552 2788 648 2848 posset
658 2788 799 2852 praestare
807 2782 939 2853 roganti:

313 2854 384 2914 ⁸11(ss
396 2868 475 2918 quem
482 2870 608 2924 puerum,
618 2859 737 2930 Flacce,
747 2878 854 2935 rogare
864 2859 968 2914 reim.

843 2961 899 3007 G2

1145 2883 1154 2956 i
