2750 3450
456 382 770 431 uuluaamuauuss
794 382 867 430 ΗΒ.
888 381 922 429 X.
1036 379 1087 431 24⁹

617 506 637 546 9.
661 503 700 545 Da
719 514 755 545 sa.

386 594 506 648 Undenis
516 597 684 663 pedibusque
694 594 864 662 syllabisque

387 676 414 722 et
423 671 509 722 mrdta
519 671 584 734 sale,
596 687 647 722 nec
655 676 747 721 tamen
757 674 895 736 proterve,

386 750 467 796 notus
478 746 603 813 gentibus
613 745 660 796 ille
670 743 819 807 Martialis,

387 824 415 870 et
423 825 504 871 nobis
516 820 638 887 populis;
653 819 719 886 quid
729 816 875 869 invidetisl

386 892 449 946 Non
459 910 517 946 sum
527 895 716 946 Andraemone
725 894 820 945 nudor
828 892 954 945 Caballo.

568 1002 602 1041 10.
625 997 657 1040 ln
674 996 812 1041 Paullum.

294 1093 362 1144 Cum
371 1096 410 1156 tu,
421 1092 564 1160 laurigeris
574 1107 672 1144 annum
683 1094 730 1159 qui
739 1091 859 1143 fascibus
868 1091 964 1155 intras,

330 1182 410 1218 urana
420 1167 556 1219 salutator
565 1167 661 1218 limina
670 1167 744 1218 mille
754 1173 841 1218 teras:

294 1241 339 1293 bie
349 1257 400 1309 ego
412 1243 477 1308 quid
488 1241 606 1313 laciaml
626 1242 699 1303 Quid
709 1243 798 1305 nobis,
809 1240 912 1304 Paulis,
922 1241 1064 1308 relinquis,

331 1317 422 1383 quide
434 1317 513 1384 plebe
523 1315 627 1367 Numae
638 1317 775 1383 densaque
789 1318 870 1367 turba
880 1314 987 1367 sumusi

296 1392 349 1455 Qui
358 1407 401 1443 me
410 1392 547 1458 respiciet,
559 1390 697 1443 dominum
708 1406 852 1458 regemque
862 1389 986 1442 vocabat

332 1465 435 1518 Hoetu
445 1466 504 1530 (sed
515 1472 616 1534 quanto
626 1465 754 1518 blandius
761 1465 779 1530 l)
799 1467 858 1532 ipse
867 1465 945 1517 facis.

295 1541 434 1592 Lecticam
446 1540 575 1592 sellamve
585 1540 700 1607 sequani
719 1539 777 1592 Nec
786 1540 857 1591 ferre
866 1555 990 1592 recusas:

331 1631 379 1682 per
388 1615 506 1666 medinm
514 1630 619 1682 pugnas
629 1621 657 1666 et
665 1614 742 1681 prior
750 1616 791 1666 ire
801 1615 895 1666 lutam.

294 1688 409 1757 Saepius
420 1704 560 1758 assurgam
570 1690 698 1742 recitanti
708 1688 844 1741 carminat
863 1689 905 1742 lb
916 1695 983 1754 stas,

331 1774 359 1816 et
368 1766 471 1831 pariter
480 1766 601 1834 geminas
611 1763 701 1817 tendis
710 1765 740 1815 in
751 1779 913 1815 cremanus.

295 1839 369 1912 Quid
377 1839 461 1891 faciet
469 1854 580 1907 pauper,
592 1840 635 1891 cni
645 1839 774 1891 nonlicet
784 1854 843 1890 esse
854 1838 962 1890 elisatii

329 1914 444 1966 Dimisit
451 1921 560 1966 nostras
570 1929 691 1981 purpura
700 1920 791 1965 vestra
800 1919 889 1981 togas.

534 2024 567 2064 ll.
591 2018 622 2062 ln
641 2016 845 2062 Csllindsrun.

293 2111 340 2164 Nil
351 2112 427 2164 aliud
436 2113 566 2180 loqueris,
577 2128 657 2179 quam
669 2112 777 2164 Thesea
785 2110 1005 2179 Perithoumque,

306 2248 309 2252 ¹
329 2193 410 2254 teque
419 2193 500 2253 putas
509 2186 618 2254 Pyladi,
629 2187 796 2251 Calliodore,
808 2203 909 2254 parem.

292 2261 463 2328 Dispeream,
475 2262 499 2313 si
508 2267 538 2312 tu
549 2261 648 2328 Pyladi
658 2268 797 2329 praestare
807 2261 945 2313 matellam

330 2335 428 2404 dignus
437 2351 476 2400 es,
488 2342 535 2387 aut
544 2351 643 2403 porcos
652 2351 764 2403 pascere
778 2335 908 2388 Perithoi.

292 2410 403 2463 Donavi
412 2415 512 2473 tamen,
522 2411 622 2477 inquis,
634 2412 723 2462 amico
733 2411 822 2462 millia
831 2412 958 2478 quinque,

331 2490 358 2536 et
366 2486 452 2537 lotam
465 2487 507 2548 (ut
515 2485 640 2548 multum)
651 2493 745 2552 terque
755 2490 903 2552 quaterque
912 2490 1015 2551 togam.

294 2559 375 2623 Quid,
387 2561 461 2627 quod
471 2561 508 2610 ull
520 2575 637 2626 unquam
648 2558 748 2628 Pyladi
759 2560 872 2612 donavit
883 2557 1009 2611 Orestes?

331 2633 386 2696 Qui
396 2636 489 2698 donat,
502 2636 624 2701 quamvis
634 2635 760 2701 plurima,
765 2635 850 2702 ,plura
859 2637 948 2703 negat.

549 2742 582 2782 12.
605 2739 645 2782 Ad
664 2739 826 2782 Domitium.

289 2814 423 2866 Aemiliae
430 2821 535 2884 gentes,
548 2823 576 2871 et
585 2818 753 2889 Apollineas
759 2816 928 2882 Vercellas,

316 2887 541 2950 ethas‘s'tbnntei
554 2899 604 2969 qui
614 2900 695 2971 petis
707 2895 892 2959 anseius
1062 2909 1106 3037 1
