2750 3450
311 359 361 411 406
465 363 720 410 nll'nnsont'u
745 365 961 412 POETARl'll

346 486 435 537 venit:
449 486 557 538 valente
567 488 612 538 uui
621 488 731 538 revulsa
740 486 862 550 brachio,
955 481 964 499 '

348 560 381 611 nt
388 561 445 611 ista
451 562 573 612 mentula
582 568 648 628 apta
658 563 737 613 clara
747 563 884 613 dexterae.

529 653 564 691 ot.
583 649 723 691 Eiusdem.
751 650 884 704 Priapus.

310 716 393 768 llunc
401 732 463 786 ego,
471 719 587 781 iuvenis,
596 720 687 770 locum
698 720 874 786 villulamqne
886 721 1037 785 palustrem,

310 798 410 843 tectam
420 795 521 845 vimine
529 795 637 857 iunceo,
647 796 799 860 canicieque
809 795 947 859 maniplis,

312 881 426 932 quercus
436 869 524 931 arida,
533 870 637 919 rustica
647 869 819 920 conformata
829 871 927 931 securi,

310 956 382 992 nunc
393 946 457 993 trior
465 944 563 1010 magis,
573 950 601 993 et
610 945 709 1011 magis,
718 950 749 994 ut
759 944 841 995 beata
851 945 1007 1009 quotannis.

310 1013 402 1066 lluius
411 1032 474 1066 nam
485 1018 589 1068 domini
600 1018 694 1069 colunt
703 1034 754 1081 me,
764 1018 907 1083 Deumque
918 1018 1041 1077 salutant,

309 1091 439 1156 pauperis
447 1097 539 1159 tuguri
548 1099 633 1158 pater,
644 1093 770 1159 filiusque
780 1093 880 1153 coloni,

312 1163 382 1214 alter
391 1166 503 1216 assidua
515 1168 608 1218 colens
619 1168 772 1235 diligentia,
783 1174 813 1217 ut
823 1165 907 1217 herba

311 1238 428 1290 ‹lumosa
438 1255 589 1308 asperaque
598 1257 617 1292 a
626 1257 688 1293 meo
699 1243 736 1292 sit
745 1248 850 1292 remota
860 1241 979 1291 sacello:

311 1312 382 1364 alter
390 1328 476 1379 parva
486 1315 575 1367 ferens
584 1332 666 1366 manu
675 1331 783 1381 semper
791 1331 903 1365 munera
913 1315 1002 1382 larga.

309 1386 425 1439 Florldo
436 1388 504 1440 mibi
514 1391 624 1456 ponitur
632 1391 709 1456 picta
718 1405 779 1440 vere
790 1389 896 1440 corolla

309 1462 431 1529 primitu‚
441 1471 469 1514 et
477 1470 571 1515 tenera
579 1465 670 1515 virens
680 1465 758 1530 spica
767 1465 858 1515 mollis
869 1465 969 1513 arista:

310 1536 401 1588 luteae
409 1538 500 1590 violae
510 1537 588 1602 mihi,
597 1540 754 1606 luteumque
762 1554 890 1606 papaver,

247 1608 250 1613 '
309 1611 497 1680 pallentesque
508 1614 671 1677 cucurbitae,
682 1620 711 1665 et
720 1629 802 1665 suave
814 1614 916 1665 olentia
925 1614 1009 1675 mala,

310 1701 364 1737 uva
373 1690 518 1754 pampinea
527 1689 625 1741 rubens
644 1689 761 1741 educata
770 1689 819 1740 sub
829 1688 934 1739 umbra.

311 1758 448 1828 Sanguine
457 1762 528 1815 banc
536 1765 618 1815 etiam
629 1763 704 1827 mibi,
716 1764 776 1828 (sed
785 1764 935 1824 tacebitis)
947 1779 1021 1813 aram

309 1835 440 1888 barbatus
450 1838 513 1889 linit
521 1837 650 1902 hirculus,
662 1840 841 1905 cornipesque
852 1838 967 1903 capella.

308 1909 363 1962 Pro
375 1916 435 1978 quis
446 1915 539 1964 omnia
548 1911 699 1964 honoribus
709 1911 776 1964 baec
786 1929 895 1964 necesse
905 1912 1008 1977 Priapo

308 1991 458 2052 praestare,
468 1994 495 2039 et
505 1987 609 2039 domini
618 1986 755 2039 hortulum
766 1990 926 2053 vineamque
937 1988 1017 2036 tueri.

310 2059 401 2119 Quare
410 2058 482 2125 binc,
494 2078 509 2113 o
521 2064 606 2129 puen',
618 2063 706 2113 malas
717 2064 849 2113 abstinete
860 2063 981 2127 rapinas.

307 2134 422 2187 Vicinus
433 2152 517 2203 prope
528 2138 604 2188 dives
615 2143 664 2201 est,
675 2138 866 2204 negligensque
877 2136 1003 2201 Priapus.

307 2209 374 2262 Inde
383 2212 495 2275 sumite3
510 2214 608 2263 semita
617 2210 685 2263 baec
695 2212 792 2263 deinde
804 2228 853 2262 vos
864 2211 934 2261 feret
942 2212 1013 2276 ipsa.

395 2290 400 2300 ¹
489 2302 523 2341 87.
548 2298 688 2340 Eiusdem.
718 2299 757 2339 Ad
780 2299 919 2352 Priapum.

307 2368 388 2421 Hunc
397 2370 487 2420 lucum
496 2369 547 2419 tibi
559 2368 656 2419 dedico
668 2383 860 2433 consecroque,
871 2366 980 2432 Priape,

307 2459 362 2511 qua
371 2445 468 2496 domus
476 2449 525 2494 tua
533 2442 681 2510 Lampsaci
690 2447 732 2494 est
741 2458 846 2509 quaque
856 2442 935 2504 silva,
946 2442 1041 2510 Priape

306 2518 376 2571 Naro
387 2525 413 2570 tc
423 2520 569 2586 praecipue
580 2520 609 2568 in
620 2519 676 2568 suis
686 2518 800 2568 urbibus
810 2517 877 2567 colit
888 2532 937 2568 ora

306 2593 508 2662 Hellespontia,
518 2593 615 2645 ceteris
627 2596 780 2645 ostreosior
789 2592 853 2642 oris.

604 2773 802 2807 -ομ-
