<?xml version="1.0" encoding="UTF-8"?>
<!DOCTYPE html PUBLIC "-//W3C//DTD XHTML 1.0 Transitional//EN"
    "http://www.w3.org/TR/xhtml1/DTD/xhtml1-transitional.dtd">
<html xmlns="http://www.w3.org/1999/xhtml" xml:lang="en" lang="en">
 <head>
  <title>
</title>
<meta http-equiv="Content-Type" content="text/html;charset=utf-8" />
  <meta name='ocr-system' content='tesseract 3.04.00' />
  <meta name='ocr-capabilities' content='ocr_page ocr_carea ocr_par ocr_line ocrx_word'/>
</head>
<body>
  <div class='ocr_page' id='page_1' title='image "./mvaleriimartial03martgoog_0026.png"; bbox 0 0 2750 3450; ppageno 0'>
   <div class='ocr_carea' id='block_1_1' title="bbox 465 387 1088 437">
    <p class='ocr_par' dir='ltr' id='par_1_1' title="bbox 465 387 1088 437">
     <span class='ocr_line' id='line_1_1' title="bbox 465 387 1088 437; baseline 0 -3"><span class='ocrx_word' id='word_1_1' title='bbox 465 387 788 437; x_wconf 72' lang='lat' dir='ltr'><strong>Eeleesmmarlm</strong></span> <span class='ocrx_word' id='word_1_2' title='bbox 814 391 885 435; x_wconf 68' lang='grc' dir='ltr'><strong>ΙιΙΒ.</strong></span> <span class='ocrx_word' id='word_1_3' title='bbox 913 389 932 434; x_wconf 75' lang='grc' dir='ltr'><strong>Ι.</strong></span> <span class='ocrx_word' id='word_1_4' title='bbox 1057 387 1088 436; x_wconf 80' lang='grc'><strong>17</strong></span> 
     </span>
    </p>
   </div>
   <div class='ocr_carea' id='block_1_2' title="bbox 534 507 852 553">
    <p class='ocr_par' dir='ltr' id='par_1_2' title="bbox 534 507 852 553">
     <span class='ocr_line' id='line_1_2' title="bbox 534 507 852 553; baseline 0.006 -3"><span class='ocrx_word' id='word_1_5' title='bbox 534 512 568 552; x_wconf 76' lang='lat' dir='ltr'><strong>m.</strong></span> <span class='ocrx_word' id='word_1_6' title='bbox 597 509 636 550; x_wconf 77' lang='lat' dir='ltr'><strong>Al</strong></span> <span class='ocrx_word' id='word_1_7' title='bbox 651 507 852 553; x_wconf 64' lang='lat' dir='ltr'><strong>Sextilianum.</strong></span> 
     </span>
    </p>
   </div>
   <div class='ocr_carea' id='block_1_3' title="bbox 293 599 961 1342">
    <p class='ocr_par' dir='ltr' id='par_1_3' title="bbox 295 599 953 744">
     <span class='ocr_line' id='line_1_3' title="bbox 295 599 953 670; baseline 0.002 -17"><span class='ocrx_word' id='word_1_8' title='bbox 295 599 456 665; x_wconf 83' lang='lat' dir='ltr'><strong>Sextiliane,</strong></span> <span class='ocrx_word' id='word_1_9' title='bbox 467 602 539 656; x_wconf 85' lang='lat' dir='ltr'><strong>bibis</strong></span> <span class='ocrx_word' id='word_1_10' title='bbox 550 608 680 669; x_wconf 89' lang='lat' dir='ltr'><strong>quantum</strong></span> <span class='ocrx_word' id='word_1_11' title='bbox 694 601 826 653; x_wconf 81' lang='lat' dir='ltr'><strong>subsellia</strong></span> <span class='ocrx_word' id='word_1_12' title='bbox 835 603 953 670; x_wconf 85' lang='lat' dir='ltr'><strong>quinque</strong></span> 
     </span>
     <span class='ocr_line' id='line_1_4' title="bbox 332 676 879 744; baseline 0 -16"><span class='ocrx_word' id='word_1_13' title='bbox 332 677 424 729; x_wconf 84' lang='lat' dir='ltr'><strong>solus:</strong></span> <span class='ocrx_word' id='word_1_14' title='bbox 445 691 517 744; x_wconf 84' lang='lat' dir='ltr'><strong>aqna</strong></span> <span class='ocrx_word' id='word_1_15' title='bbox 527 678 611 728; x_wconf 82' lang='lat' dir='ltr'><strong>toties</strong></span> <span class='ocrx_word' id='word_1_16' title='bbox 622 676 712 729; x_wconf 87' lang='lat' dir='ltr'><strong>ebrius</strong></span> <span class='ocrx_word' id='word_1_17' title='bbox 722 691 782 728; x_wconf 91' lang='lat' dir='ltr'><strong>esse</strong></span> <span class='ocrx_word' id='word_1_18' title='bbox 792 683 879 743; x_wconf 79' lang='lat' dir='ltr'><strong>potes.</strong></span> 
     </span>
    </p>

    <p class='ocr_par' dir='ltr' id='par_1_4' title="bbox 294 749 961 892">
     <span class='ocr_line' id='line_1_5' title="bbox 294 749 961 815; baseline -0.001 -12"><span class='ocrx_word' id='word_1_19' title='bbox 294 749 353 803; x_wconf 87' lang='lat' dir='ltr'><strong>Nee</strong></span> <span class='ocrx_word' id='word_1_20' title='bbox 364 765 555 804; x_wconf 83' lang='lat' dir='ltr'><strong>consessorum</strong></span> <span class='ocrx_word' id='word_1_21' title='bbox 564 751 655 804; x_wconf 83' lang='lat' dir='ltr'><strong>vicina</strong></span> <span class='ocrx_word' id='word_1_22' title='bbox 669 751 835 804; x_wconf 74' lang='lat' dir='ltr'><strong>numismata</strong></span> <span class='ocrx_word' id='word_1_23' title='bbox 847 757 961 815; x_wconf 67' lang='lat' dir='ltr'><strong>mansus,</strong></span> 
     </span>
     <span class='ocr_line' id='line_1_6' title="bbox 333 826 825 892; baseline -0.002 -16"><span class='ocrx_word' id='word_1_24' title='bbox 333 841 399 879; x_wconf 81' lang='lat' dir='ltr'><strong>aera</strong></span> <span class='ocrx_word' id='word_1_25' title='bbox 408 826 458 879; x_wconf 84' lang='lat' dir='ltr'><strong>sed</strong></span> <span class='ocrx_word' id='word_1_26' title='bbox 468 841 486 877; x_wconf 89' lang='lat' dir='ltr'><strong>a</strong></span> <span class='ocrx_word' id='word_1_27' title='bbox 496 828 588 879; x_wconf 84' lang='lat' dir='ltr'><strong>cuneis</strong></span> <span class='ocrx_word' id='word_1_28' title='bbox 598 827 733 878; x_wconf 73' lang='lat' dir='ltr'>ulteriora</span> <span class='ocrx_word' id='word_1_29' title='bbox 744 827 825 892; x_wconf 79' lang='lat' dir='ltr'><strong>petis.</strong></span> 
     </span>
    </p>

    <p class='ocr_par' dir='ltr' id='par_1_5' title="bbox 294 898 943 1042">
     <span class='ocr_line' id='line_1_7' title="bbox 294 898 943 968; baseline -0.002 -15"><span class='ocrx_word' id='word_1_30' title='bbox 294 899 358 953; x_wconf 86' lang='lat' dir='ltr'><strong>Non</strong></span> <span class='ocrx_word' id='word_1_31' title='bbox 368 898 437 952; x_wconf 86' lang='lat' dir='ltr'><strong>haee</strong></span> <span class='ocrx_word' id='word_1_32' title='bbox 446 900 568 967; x_wconf 81' lang='lat' dir='ltr'><strong>Peliguis</strong></span> <span class='ocrx_word' id='word_1_33' title='bbox 580 902 670 968; x_wconf 78' lang='lat' dir='ltr'><strong>agitur</strong></span> <span class='ocrx_word' id='word_1_34' title='bbox 682 901 820 953; x_wconf 81' lang='lat' dir='ltr'><strong>vindemia</strong></span> <span class='ocrx_word' id='word_1_35' title='bbox 829 900 943 966; x_wconf 75' lang='lat' dir='ltr'><strong>praelis,</strong></span> 
     </span>
     <span class='ocr_line' id='line_1_8' title="bbox 330 976 883 1042; baseline -0.002 -16"><span class='ocrx_word' id='word_1_36' title='bbox 330 990 387 1027; x_wconf 80' lang='lat' dir='ltr'><strong>uva</strong></span> <span class='ocrx_word' id='word_1_37' title='bbox 396 991 447 1029; x_wconf 89' lang='lat' dir='ltr'><strong>nee</strong></span> <span class='ocrx_word' id='word_1_38' title='bbox 455 976 485 1029; x_wconf 91' lang='lat' dir='ltr'><strong>in</strong></span> <span class='ocrx_word' id='word_1_39' title='bbox 495 976 593 1027; x_wconf 85' lang='lat' dir='ltr'><strong>&#39;l&#39;uscis</strong></span> <span class='ocrx_word' id='word_1_40' title='bbox 603 977 725 1027; x_wconf 74' lang='lat' dir='ltr'><strong>naseimr</strong></span> <span class='ocrx_word' id='word_1_41' title='bbox 734 976 883 1042; x_wconf 76' lang='lat' dir='ltr'><strong>isteingis:</strong></span> 
     </span>
    </p>

    <p class='ocr_par' dir='ltr' id='par_1_6' title="bbox 293 1049 878 1194">
     <span class='ocr_line' id='line_1_9' title="bbox 293 1049 864 1116; baseline -0.005 -14"><span class='ocrx_word' id='word_1_42' title='bbox 293 1055 367 1102; x_wconf 83' lang='lat' dir='ltr'><strong>testa</strong></span> <span class='ocrx_word' id='word_1_43' title='bbox 377 1051 426 1104; x_wconf 86' lang='lat' dir='ltr'><strong>sed</strong></span> <span class='ocrx_word' id='word_1_44' title='bbox 437 1050 542 1116; x_wconf 80' lang='lat' dir='ltr'><strong>antiqui</strong></span> <span class='ocrx_word' id='word_1_45' title='bbox 554 1050 622 1103; x_wconf 82' lang='lat' dir='ltr'><strong>felix</strong></span> <span class='ocrx_word' id='word_1_46' title='bbox 632 1051 753 1101; x_wconf 65' lang='lat' dir='ltr'><strong>sinemus</strong></span> <span class='ocrx_word' id='word_1_47' title='bbox 763 1049 864 1116; x_wconf 82' lang='lat' dir='ltr'><strong>Opimi,</strong></span> 
     </span>
     <span class='ocr_line' id='line_1_10' title="bbox 331 1123 878 1194; baseline -0.007 -17"><span class='ocrx_word' id='word_1_48' title='bbox 331 1127 420 1194; x_wconf 82' lang='lat' dir='ltr'><strong>egerit</strong></span> <span class='ocrx_word' id='word_1_49' title='bbox 429 1131 457 1176; x_wconf 90' lang='lat' dir='ltr'><strong>et</strong></span> <span class='ocrx_word' id='word_1_50' title='bbox 465 1126 559 1192; x_wconf 75' lang='lat' dir='ltr'><strong>nigros</strong></span> <span class='ocrx_word' id='word_1_51' title='bbox 569 1123 692 1177; x_wconf 78' lang='lat' dir='ltr'><strong>Massins</strong></span> <span class='ocrx_word' id='word_1_52' title='bbox 702 1124 772 1175; x_wconf 82' lang='lat' dir='ltr'><strong>eells</strong></span> <span class='ocrx_word' id='word_1_53' title='bbox 783 1124 878 1176; x_wconf 83' lang='lat' dir='ltr'><strong>cados.</strong></span> 
     </span>
    </p>

    <p class='ocr_par' dir='ltr' id='par_1_7' title="bbox 294 1198 892 1342">
     <span class='ocr_line' id='line_1_11' title="bbox 294 1198 858 1267; baseline 0 -17"><span class='ocrx_word' id='word_1_54' title='bbox 294 1200 315 1250; x_wconf 85' lang='grc' dir='ltr'><strong>Α</strong></span> <span class='ocrx_word' id='word_1_55' title='bbox 327 1215 452 1266; x_wconf 77' lang='lat' dir='ltr'>caupone</span> <span class='ocrx_word' id='word_1_56' title='bbox 461 1199 513 1250; x_wconf 89' lang='lat' dir='ltr'><strong>tibi</strong></span> <span class='ocrx_word' id='word_1_57' title='bbox 523 1198 587 1249; x_wconf 87' lang='lat' dir='ltr'><strong>faex</strong></span> <span class='ocrx_word' id='word_1_58' title='bbox 596 1198 733 1249; x_wconf 85' lang='lat' dir='ltr'><strong>Laletana</strong></span> <span class='ocrx_word' id='word_1_59' title='bbox 741 1204 858 1267; x_wconf 74' lang='lat' dir='ltr'><strong>petatiu,</strong></span> 
     </span>
     <span class='ocr_line' id='line_1_12' title="bbox 331 1271 892 1342; baseline -0.007 -16"><span class='ocrx_word' id='word_1_60' title='bbox 331 1275 357 1326; x_wconf 86' lang='lat' dir='ltr'><strong>si</strong></span> <span class='ocrx_word' id='word_1_61' title='bbox 365 1275 428 1341; x_wconf 83' lang='lat' dir='ltr'><strong>plus</strong></span> <span class='ocrx_word' id='word_1_62' title='bbox 438 1289 519 1342; x_wconf 84' lang='lat' dir='ltr'><strong>quam</strong></span> <span class='ocrx_word' id='word_1_63' title='bbox 530 1273 629 1336; x_wconf 81' lang='lat' dir='ltr'><strong>decies,</strong></span> <span class='ocrx_word' id='word_1_64' title='bbox 640 1271 801 1337; x_wconf 75' lang='lat' dir='ltr'><strong>Sextiliane,</strong></span> <span class='ocrx_word' id='word_1_65' title='bbox 811 1272 892 1326; x_wconf 87' lang='lat' dir='ltr'><strong>bibis.</strong></span> 
     </span>
    </p>
   </div>
   <div class='ocr_carea' id='block_1_4' title="bbox 550 1376 834 1422">
    <p class='ocr_par' dir='ltr' id='par_1_8' title="bbox 550 1376 834 1422">
     <span class='ocr_line' id='line_1_13' title="bbox 550 1376 834 1422; baseline 0 0"><span class='ocrx_word' id='word_1_66' title='bbox 550 1382 584 1422; x_wconf 75' lang='lat'><strong>2⁸.</strong></span> <span class='ocrx_word' id='word_1_67' title='bbox 609 1378 648 1421; x_wconf 74' lang='lat' dir='ltr'><strong>An</strong></span> <span class='ocrx_word' id='word_1_68' title='bbox 668 1376 834 1422; x_wconf 75' lang='lat' dir='ltr'>Procillum.</span> 
     </span>
    </p>
   </div>
   <div class='ocr_carea' id='block_1_5' title="bbox 385 1469 981 1984">
    <p class='ocr_par' dir='ltr' id='par_1_9' title="bbox 386 1469 981 1684">
     <span class='ocr_line' id='line_1_14' title="bbox 386 1469 848 1537; baseline 0.009 -17"><span class='ocrx_word' id='word_1_69' title='bbox 386 1469 523 1522; x_wconf 80' lang='lat' dir='ltr'><strong>Hesterna</strong></span> <span class='ocrx_word' id='word_1_70' title='bbox 530 1469 583 1521; x_wconf 87' lang='lat' dir='ltr'><strong>tibi</strong></span> <span class='ocrx_word' id='word_1_71' title='bbox 592 1476 672 1522; x_wconf 88' lang='lat' dir='ltr'><strong>nocte</strong></span> <span class='ocrx_word' id='word_1_72' title='bbox 683 1471 848 1537; x_wconf 75' lang='lat' dir='ltr'>dixeramus,</span> 
     </span>
     <span class='ocr_line' id='line_1_15' title="bbox 387 1545 981 1617; baseline 0.01 -22"><span class='ocrx_word' id='word_1_73' title='bbox 387 1545 561 1614; x_wconf 81' lang='lat' dir='ltr'><strong>quincunees,</strong></span> <span class='ocrx_word' id='word_1_74' title='bbox 575 1551 652 1615; x_wconf 79' lang='lat' dir='ltr'><strong>puto,</strong></span> <span class='ocrx_word' id='word_1_75' title='bbox 667 1553 732 1617; x_wconf 83' lang='lat' dir='ltr'><strong>post</strong></span> <span class='ocrx_word' id='word_1_76' title='bbox 742 1546 835 1599; x_wconf 78' lang='lat' dir='ltr'><strong>decem</strong></span> <span class='ocrx_word' id='word_1_77' title='bbox 844 1556 981 1615; x_wconf 74' lang='lat' dir='ltr'><strong>peractos,</strong></span> 
     </span>
     <span class='ocr_line' id='line_1_16' title="bbox 386 1617 883 1684; baseline 0.006 -13"><span class='ocrx_word' id='word_1_78' title='bbox 386 1634 518 1672; x_wconf 73' lang='lat' dir='ltr'><strong>coenares</strong></span> <span class='ocrx_word' id='word_1_79' title='bbox 528 1617 620 1684; x_wconf 85' lang='lat' dir='ltr'><strong>hodie,</strong></span> <span class='ocrx_word' id='word_1_80' title='bbox 630 1619 759 1684; x_wconf 85' lang='lat' dir='ltr'><strong>Procille,</strong></span> <span class='ocrx_word' id='word_1_81' title='bbox 770 1637 883 1674; x_wconf 87' lang='lat' dir='ltr'><strong>mecum.</strong></span> 
     </span>
    </p>

    <p class='ocr_par' dir='ltr' id='par_1_10' title="bbox 385 1693 899 1913">
     <span class='ocr_line' id='line_1_17' title="bbox 386 1693 899 1764; baseline 0.004 -18"><span class='ocrx_word' id='word_1_82' title='bbox 386 1695 431 1747; x_wconf 90' lang='lat' dir='ltr'><strong>Tu</strong></span> <span class='ocrx_word' id='word_1_83' title='bbox 440 1693 540 1747; x_wconf 75' lang='lat' dir='ltr'><strong>saetam</strong></span> <span class='ocrx_word' id='word_1_84' title='bbox 551 1694 604 1747; x_wconf 85' lang='lat' dir='ltr'><strong>tibi</strong></span> <span class='ocrx_word' id='word_1_85' title='bbox 612 1710 670 1750; x_wconf 87' lang='lat' dir='ltr'><strong>rem</strong></span> <span class='ocrx_word' id='word_1_86' title='bbox 680 1697 774 1748; x_wconf 82' lang='lat' dir='ltr'><strong>statim</strong></span> <span class='ocrx_word' id='word_1_87' title='bbox 787 1697 899 1764; x_wconf 83' lang='lat' dir='ltr'><strong>putasti,</strong></span> 
     </span>
     <span class='ocr_line' id='line_1_18' title="bbox 385 1770 847 1835; baseline 0.002 -13"><span class='ocrx_word' id='word_1_88' title='bbox 385 1775 476 1822; x_wconf 79' lang='lat' dir='ltr'><strong>elnon</strong></span> <span class='ocrx_word' id='word_1_89' title='bbox 487 1770 581 1823; x_wconf 85' lang='lat' dir='ltr'><strong>sobn&#39;a</strong></span> <span class='ocrx_word' id='word_1_90' title='bbox 588 1770 674 1823; x_wconf 80' lang='lat' dir='ltr'><strong>verba</strong></span> <span class='ocrx_word' id='word_1_91' title='bbox 683 1770 847 1835; x_wconf 81' lang='lat' dir='ltr'><strong>subnotasti,</strong></span> 
     </span>
     <span class='ocr_line' id='line_1_19' title="bbox 386 1845 811 1913; baseline 0 -18"><span class='ocrx_word' id='word_1_92' title='bbox 386 1846 510 1913; x_wconf 78' lang='lat' dir='ltr'><strong>exemplo</strong></span> <span class='ocrx_word' id='word_1_93' title='bbox 521 1847 635 1897; x_wconf 91' lang='lat' dir='ltr'><strong>nimium</strong></span> <span class='ocrx_word' id='word_1_94' title='bbox 645 1845 811 1912; x_wconf 75' lang='lat' dir='ltr'><strong>peniculoso.</strong></span> 
     </span>
    </p>

    <p class='ocr_par' dir='ltr' id='par_1_11' title="bbox 385 1914 889 1984">
     <span class='ocr_line' id='line_1_20' title="bbox 385 1914 889 1984; baseline 0.008 -17"><span class='ocrx_word' id='word_1_95' title='bbox 385 1917 460 1968; x_wconf 75' lang='grc' dir='ltr'><strong><em>Μισῶ</em></strong></span> <span class='ocrx_word' id='word_1_96' title='bbox 469 1916 590 1984; x_wconf 76' lang='grc' dir='ltr'><strong>μνήμονα</strong></span> <span class='ocrx_word' id='word_1_97' title='bbox 598 1914 746 1984; x_wconf 73' lang='grc' dir='ltr'><strong><em>συμπότην,</em></strong></span> <span class='ocrx_word' id='word_1_98' title='bbox 760 1919 889 1974; x_wconf 80' lang='lat' dir='ltr'><strong>Procille.</strong></span> 
     </span>
    </p>
   </div>
   <div class='ocr_carea' id='block_1_6' title="bbox 578 2025 810 2070">
    <p class='ocr_par' dir='ltr' id='par_1_12' title="bbox 578 2025 810 2070">
     <span class='ocr_line' id='line_1_21' title="bbox 578 2025 810 2070; baseline 0.004 -1"><span class='ocrx_word' id='word_1_99' title='bbox 578 2028 613 2069; x_wconf 78' lang='lat'><strong>29.</strong></span> <span class='ocrx_word' id='word_1_100' title='bbox 637 2026 677 2070; x_wconf 81' lang='lat' dir='ltr'><strong>De</strong></span> <span class='ocrx_word' id='word_1_101' title='bbox 697 2025 810 2070; x_wconf 74' lang='lat' dir='ltr'><strong>Acerra.</strong></span> 
     </span>
    </p>
   </div>
   <div class='ocr_carea' id='block_1_7' title="bbox 293 2117 940 2262">
    <p class='ocr_par' dir='ltr' id='par_1_13' title="bbox 293 2117 940 2262">
     <span class='ocr_line' id='line_1_22' title="bbox 293 2117 940 2188; baseline 0.005 -19"><span class='ocrx_word' id='word_1_102' title='bbox 293 2119 432 2171; x_wconf 82' lang='lat' dir='ltr'><strong>Hesterno</strong></span> <span class='ocrx_word' id='word_1_103' title='bbox 443 2117 547 2172; x_wconf 82' lang='lat' dir='ltr'><strong>foetere</strong></span> <span class='ocrx_word' id='word_1_104' title='bbox 556 2135 632 2176; x_wconf 63' lang='lat' dir='ltr'><strong>mun</strong></span> <span class='ocrx_word' id='word_1_105' title='bbox 644 2120 692 2188; x_wconf 84' lang='lat' dir='ltr'><strong>qui</strong></span> <span class='ocrx_word' id='word_1_106' title='bbox 703 2119 791 2176; x_wconf 80' lang='lat' dir='ltr'><strong>eredit</strong></span> <span class='ocrx_word' id='word_1_107' title='bbox 801 2119 940 2185; x_wconf 70' lang='lat' dir='ltr'><strong>seeum,</strong></span> 
     </span>
     <span class='ocr_line' id='line_1_23' title="bbox 330 2194 912 2262; baseline 0.002 -17"><span class='ocrx_word' id='word_1_108' title='bbox 330 2194 449 2245; x_wconf 80' lang='lat' dir='ltr'><strong>fallitur:</strong></span> <span class='ocrx_word' id='word_1_109' title='bbox 469 2195 498 2248; x_wconf 89' lang='lat' dir='ltr'><strong>in</strong></span> <span class='ocrx_word' id='word_1_110' title='bbox 508 2195 596 2248; x_wconf 77' lang='lat' dir='ltr'><strong>lucem</strong></span> <span class='ocrx_word' id='word_1_111' title='bbox 607 2210 714 2262; x_wconf 79' lang='lat' dir='ltr'><strong>semper</strong></span> <span class='ocrx_word' id='word_1_112' title='bbox 722 2196 824 2250; x_wconf 71' lang='lat' dir='ltr'><strong>seona</strong></span> <span class='ocrx_word' id='word_1_113' title='bbox 832 2194 912 2247; x_wconf 80' lang='lat' dir='ltr'><strong>bibit.</strong></span> 
     </span>
    </p>
   </div>
   <div class='ocr_carea' id='block_1_8' title="bbox 538 2299 840 2343">
    <p class='ocr_par' dir='ltr' id='par_1_14' title="bbox 538 2299 840 2343">
     <span class='ocr_line' id='line_1_24' title="bbox 538 2299 840 2343; baseline 0 -2"><span class='ocrx_word' id='word_1_114' title='bbox 538 2302 574 2341; x_wconf 73' lang='lat'><strong>8⁰.</strong></span> <span class='ocrx_word' id='word_1_115' title='bbox 595 2299 635 2343; x_wconf 73' lang='lat' dir='ltr'><strong>Aa</strong></span> <span class='ocrx_word' id='word_1_116' title='bbox 650 2299 840 2343; x_wconf 67' lang='lat' dir='ltr'><strong>silentium.</strong></span> 
     </span>
    </p>
   </div>
   <div class='ocr_carea' id='block_1_9' title="bbox 291 2390 942 2680">
    <p class='ocr_par' dir='ltr' id='par_1_15' title="bbox 291 2390 942 2680">
     <span class='ocr_line' id='line_1_25' title="bbox 291 2390 940 2457; baseline 0 -14"><span class='ocrx_word' id='word_1_117' title='bbox 291 2390 381 2443; x_wconf 80' lang='lat' dir='ltr'><strong>Fama</strong></span> <span class='ocrx_word' id='word_1_118' title='bbox 390 2390 482 2457; x_wconf 79' lang='lat' dir='ltr'><strong>refert,</strong></span> <span class='ocrx_word' id='word_1_119' title='bbox 497 2398 608 2444; x_wconf 82' lang='lat' dir='ltr'><strong>nostros</strong></span> <span class='ocrx_word' id='word_1_120' title='bbox 617 2398 654 2456; x_wconf 86' lang='lat' dir='ltr'><strong>te,</strong></span> <span class='ocrx_word' id='word_1_121' title='bbox 664 2392 819 2455; x_wconf 82' lang='lat' dir='ltr'><strong>Fidentine,</strong></span> <span class='ocrx_word' id='word_1_122' title='bbox 829 2390 940 2443; x_wconf 83' lang='lat' dir='ltr'><strong>libellos</strong></span> 
     </span>
     <span class='ocr_line' id='line_1_26' title="bbox 329 2465 898 2534; baseline 0.005 -19"><span class='ocrx_word' id='word_1_123' title='bbox 329 2481 387 2516; x_wconf 88' lang='lat' dir='ltr'><strong>non</strong></span> <span class='ocrx_word' id='word_1_124' title='bbox 398 2465 478 2516; x_wconf 81' lang='lat' dir='ltr'><strong>aliter</strong></span> <span class='ocrx_word' id='word_1_125' title='bbox 487 2466 591 2534; x_wconf 82' lang='lat' dir='ltr'>populo</span> <span class='ocrx_word' id='word_1_126' title='bbox 608 2483 688 2534; x_wconf 84' lang='lat' dir='ltr'><strong>quam</strong></span> <span class='ocrx_word' id='word_1_127' title='bbox 699 2467 815 2518; x_wconf 83' lang='lat' dir='ltr'><strong>recitare</strong></span> <span class='ocrx_word' id='word_1_128' title='bbox 824 2471 898 2519; x_wconf 80' lang='lat' dir='ltr'><strong>mos.</strong></span> 
     </span>
     <span class='ocr_line' id='line_1_27' title="bbox 291 2537 942 2609; baseline 0.002 -19"><span class='ocrx_word' id='word_1_129' title='bbox 291 2537 324 2592; x_wconf 85' lang='lat' dir='ltr'><strong>Si</strong></span> <span class='ocrx_word' id='word_1_130' title='bbox 334 2555 396 2591; x_wconf 68' lang='lat' dir='ltr'><strong>ntea</strong></span> <span class='ocrx_word' id='word_1_131' title='bbox 406 2541 447 2592; x_wconf 87' lang='lat' dir='ltr'><strong>vis</strong></span> <span class='ocrx_word' id='word_1_132' title='bbox 458 2540 521 2603; x_wconf 82' lang='lat' dir='ltr'><strong>dici,</strong></span> <span class='ocrx_word' id='word_1_133' title='bbox 532 2542 619 2609; x_wconf 78' lang='lat' dir='ltr'><strong>gratis</strong></span> <span class='ocrx_word' id='word_1_134' title='bbox 628 2541 680 2592; x_wconf 86' lang='lat' dir='ltr'><strong>tibi</strong></span> <span class='ocrx_word' id='word_1_135' title='bbox 691 2540 813 2592; x_wconf 79' lang='lat' dir='ltr'><strong>earnsina</strong></span> <span class='ocrx_word' id='word_1_136' title='bbox 822 2542 942 2596; x_wconf 72' lang='lat' dir='ltr'><strong>mittente</strong></span> 
     </span>
     <span class='ocr_line' id='line_1_28' title="bbox 330 2613 897 2680; baseline 0.004 -14"><span class='ocrx_word' id='word_1_137' title='bbox 330 2616 355 2667; x_wconf 90' lang='lat' dir='ltr'><strong>si</strong></span> <span class='ocrx_word' id='word_1_138' title='bbox 366 2614 421 2665; x_wconf 85' lang='lat' dir='ltr'><strong>diei</strong></span> <span class='ocrx_word' id='word_1_139' title='bbox 431 2622 479 2666; x_wconf 85' lang='lat' dir='ltr'><strong>tua</strong></span> <span class='ocrx_word' id='word_1_140' title='bbox 489 2617 540 2680; x_wconf 83' lang='lat' dir='ltr'><strong>vis,</strong></span> <span class='ocrx_word' id='word_1_141' title='bbox 561 2613 630 2667; x_wconf 82' lang='lat' dir='ltr'><strong>haee</strong></span> <span class='ocrx_word' id='word_1_142' title='bbox 640 2631 707 2678; x_wconf 90' lang='lat' dir='ltr'><strong>eme,</strong></span> <span class='ocrx_word' id='word_1_143' title='bbox 718 2630 752 2671; x_wconf 83' lang='lat' dir='ltr'><strong>ue</strong></span> <span class='ocrx_word' id='word_1_144' title='bbox 762 2630 823 2666; x_wconf 86' lang='lat' dir='ltr'><strong>mea</strong></span> <span class='ocrx_word' id='word_1_145' title='bbox 831 2616 897 2672; x_wconf 79' lang='lat' dir='ltr'><strong>sint.</strong></span> 
     </span>
    </p>
   </div>
   <div class='ocr_carea' id='block_1_10' title="bbox 514 2717 866 2763">
    <p class='ocr_par' dir='ltr' id='par_1_16' title="bbox 514 2717 866 2763">
     <span class='ocr_line' id='line_1_29' title="bbox 514 2717 866 2763; baseline 0.003 -1"><span class='ocrx_word' id='word_1_146' title='bbox 514 2723 550 2763; x_wconf 75' lang='lat' dir='ltr'><strong>el.</strong></span> <span class='ocrx_word' id='word_1_147' title='bbox 574 2721 614 2762; x_wconf 84' lang='lat' dir='ltr'><strong>De</strong></span> <span class='ocrx_word' id='word_1_148' title='bbox 629 2717 735 2762; x_wconf 77' lang='lat' dir='ltr'><strong>Disuln</strong></span> <span class='ocrx_word' id='word_1_149' title='bbox 750 2720 866 2763; x_wconf 74' lang='lat' dir='ltr'><strong>mellico.</strong></span> 
     </span>
    </p>
   </div>
   <div class='ocr_carea' id='block_1_11' title="bbox 263 2809 951 3034">
    <p class='ocr_par' dir='ltr' id='par_1_17' title="bbox 263 2809 951 3034">
     <span class='ocr_line' id='line_1_30' title="bbox 292 2809 951 2880; baseline 0.008 -17"><span class='ocrx_word' id='word_1_150' title='bbox 292 2809 443 2879; x_wconf 78' lang='lat' dir='ltr'><strong>Chirurgus</strong></span> <span class='ocrx_word' id='word_1_151' title='bbox 453 2810 552 2877; x_wconf 84' lang='lat' dir='ltr'><strong>fuerat,</strong></span> <span class='ocrx_word' id='word_1_152' title='bbox 566 2828 638 2866; x_wconf 86' lang='lat' dir='ltr'><strong>nune</strong></span> <span class='ocrx_word' id='word_1_153' title='bbox 647 2819 690 2866; x_wconf 86' lang='lat' dir='ltr'><strong>est</strong></span> <span class='ocrx_word' id='word_1_154' title='bbox 698 2813 815 2880; x_wconf 72' lang='lat' dir='ltr'><strong>vespillo</strong></span> <span class='ocrx_word' id='word_1_155' title='bbox 825 2814 951 2867; x_wconf 79' lang='lat' dir='ltr'><strong>Diaulus.</strong></span> 
     </span>
     <span class='ocr_line' id='line_1_31' title="bbox 331 2886 925 2955; baseline 0.013 -18"><span class='ocrx_word' id='word_1_156' title='bbox 331 2886 440 2953; x_wconf 81' lang='lat' dir='ltr'><strong>coepit,</strong></span> <span class='ocrx_word' id='word_1_157' title='bbox 452 2901 505 2953; x_wconf 87' lang='lat' dir='ltr'><strong>quo</strong></span> <span class='ocrx_word' id='word_1_158' title='bbox 516 2892 627 2955; x_wconf 81' lang='lat' dir='ltr'><strong>poteret</strong></span> <span class='ocrx_word' id='word_1_159' title='bbox 637 2887 753 2943; x_wconf 74' lang='lat' dir='ltr'><strong>climens</strong></span> <span class='ocrx_word' id='word_1_160' title='bbox 764 2905 825 2945; x_wconf 81' lang='lat' dir='ltr'><strong>esse</strong></span> <span class='ocrx_word' id='word_1_161' title='bbox 833 2891 925 2945; x_wconf 67' lang='lat' dir='ltr'><strong>menn</strong></span> 
     </span>
     <span class='ocr_line' id='line_1_32' title="bbox 263 2977 904 3034; baseline 0.008 -16"><span class='ocrx_word' id='word_1_162' title='bbox 263 3021 266 3026; x_wconf 66' lang='grc'>,</span> <span class='ocrx_word' id='word_1_163' title='bbox 351 2977 381 3019; x_wconf 83' lang='lat' dir='ltr'><em>M</em></span> <span class='ocrx_word' id='word_1_164' title='bbox 383 2986 398 3020; x_wconf 76' lang='lat' dir='ltr'><strong><em>A</em></strong></span> <span class='ocrx_word' id='word_1_165' title='bbox 407 2988 424 3023; x_wconf 77' lang='grc' dir='ltr'><strong>ΙΙ</strong></span> <span class='ocrx_word' id='word_1_166' title='bbox 433 2986 457 3022; x_wconf 81' lang='grc' dir='ltr'><strong>Τ.</strong></span> <span class='ocrx_word' id='word_1_167' title='bbox 882 2986 904 3034; x_wconf 68' lang='grc' dir='ltr'><strong>Β</strong></span> 
     </span>
    </p>
   </div>
   <div class='ocr_carea' id='block_1_12' title="bbox 0 0 1380 3450">
    <p class='ocr_par' dir='ltr' id='par_1_18' title="bbox 0 0 1380 3450">
     <span class='ocr_line' id='line_1_33' title="bbox 0 0 1380 3450; baseline 0 1"><span class='ocrx_word' id='word_1_168' title='bbox 0 0 1380 3450; x_wconf 95' lang='lat' dir='ltr'><strong> </strong></span> 
     </span>
    </p>
   </div>
  </div>
 </body>
</html>
