2750 3450
310 362 359 414 346
598 364 812 412 mnn‘rlAnis

619 488 654 526 ⁸2.
679 483 785 526 Ostrea.

310 579 395 630 Ebria
404 577 511 629 Baiano
522 577 584 628 veni
592 577 675 628 modo
686 574 792 628 coneha
803 575 940 630 Luminet

346 653 439 705 nobile
448 668 518 704 nune
528 652 594 704 sitio
605 652 746 705 luxuriosa
754 666 859 718 garuni.

604 776 639 815 83.
663 771 801 828 Squillus.

311 866 458 918 Goeruleus
467 882 518 917 nos
527 865 602 917 Liris
612 871 694 929 uruat,
705 881 784 933 quem
795 866 865 917 silva
873 865 999 918 Maricae

347 942 479 1010 protegit:
494 938 557 992 hine
566 941 683 1007 squillae
695 942 814 992 maxima
823 941 906 992 tsirba
914 957 1019 993 sumus.

619 1066 653 1106 84.
678 1062 788 1106 Setius.

309 1157 364 1208 Hic
374 1156 483 1220 Scarus,
494 1157 637 1223 aequoreis
648 1157 696 1223 qui
704 1157 779 1208 venit
789 1152 888 1208 obesus
899 1155 935 1206 ab
945 1156 1036 1218 undis,

345 1232 495 1284 visceribus
504 1232 592 1283 bonus
604 1236 658 1283 est:
673 1231 827 1284 eeteravile
835 1231 919 1297 sepit.

591 1340 626 1379 88.
651 1335 813 1379 coracinus.

309 1428 438 1494 Princeps
447 1428 551 1480 Niliaci
559 1429 673 1496 ruperis,
685 1429 827 1492 cornuue,
837 1428 963 1480 masellis

347 1503 474 1555 Pellaeae
483 1504 559 1570 prior
571 1510 612 1556 est
621 1503 798 1572 glorianullu
806 1503 898 1571 guise.
981 1574 987 1587 .

609 1612 643 1652 sn.
667 1609 798 1652 Echinus.

308 1701 363 1753 iste
374 1702 440 1753 lieet
448 1702 550 1771 digitos
559 1703 696 1755 testudine
704 1706 807 1770 pinget
819 1705 909 1767 uentu,

347 1779 448 1829 eortiee
458 1778 584 1845 deposito
594 1779 685 1831 mollis
696 1775 808 1830 echinus
817 1777 878 1828 erit.

609 1886 643 1925 81.
667 1883 797 1925 Murices.

310 1974 447 2043 Sanguine
457 1978 491 2030 de
500 1984 594 2028 nostro
605 1977 715 2039 tinctus,
725 1977 840 2043 ingrate,
851 1974 979 2029 lacernas

346 2052 446 2115 induis,
457 2058 484 2103 et
493 2067 548 2102 non
558 2057 599 2103 est
608 2050 662 2102 hoe
671 2051 749 2115 satis,
759 2066 822 2102 esea
831 2066 935 2103 sumus.

614 2159 648 2198 88.
673 2155 788 2197 Gnhius.

308 2248 338 2297 ln
350 2244 461 2300 Venetis
471 2249 526 2299 sint
535 2249 611 2300 lauta
620 2250 686 2300 licet
696 2249 821 2301 convivia
829 2249 919 2312 terris,

345 2324 508 2389 principium
519 2339 621 2375 coense
630 2325 729 2391 gobius
740 2340 799 2375 esse
808 2324 889 2376 solet.

623 2432 657 2473 88.
681 2429 784 2485 Lupus.

308 2520 418 2572 Laneus
428 2521 551 2589 Euganei
561 2524 640 2590 lupus
650 2525 754 2590 excipit
764 2538 813 2576 ora
823 2523 941 2587 Timavi,

346 2610 482 2662 aequoreo
494 2598 585 2649 dulces
595 2614 655 2649 eum
666 2600 725 2650 sale
737 2605 832 2666 pastus
842 2614 938 2667 aquus.

617 2708 653 2747 90.
676 2704 789 2748 Aurata.

307 2792 371 2845 Non
382 2795 470 2846 omnis
480 2796 588 2849 laudem
599 2798 768 2864 pretiumque
779 2790 876 2849 aurata
884 2804 1013 2855 meretur.

345 2870 393 2921 sed
405 2870 447 2922 eui
462 2871 537 2923 solus
548 2873 599 2922 erit
609 2871 714 2924 concha
722 2871 842 2923 Lucrina
851 2872 937 2924 cibus.
