<?xml version="1.0" encoding="UTF-8"?>
<!DOCTYPE html PUBLIC "-//W3C//DTD XHTML 1.0 Transitional//EN"
    "http://www.w3.org/TR/xhtml1/DTD/xhtml1-transitional.dtd">
<html xmlns="http://www.w3.org/1999/xhtml" xml:lang="en" lang="en">
 <head>
  <title>
</title>
<meta http-equiv="Content-Type" content="text/html;charset=utf-8" />
  <meta name='ocr-system' content='tesseract 3.04.00' />
  <meta name='ocr-capabilities' content='ocr_page ocr_carea ocr_par ocr_line ocrx_word'/>
</head>
<body>
  <div class='ocr_page' id='page_1' title='image "./mvaleriimartial03martgoog_0286.png"; bbox 0 0 2750 3450; ppageno 0'>
   <div class='ocr_carea' id='block_1_1' title="bbox 379 436 1007 491">
    <p class='ocr_par' dir='ltr' id='par_1_1' title="bbox 379 436 1007 491">
     <span class='ocr_line' id='line_1_1' title="bbox 379 436 1007 491; baseline 0.014 -9"><span class='ocrx_word' id='word_1_1' title='bbox 379 436 693 485; x_wconf 75' lang='lat' dir='ltr'>briounmmn&#39;rum</span> <span class='ocrx_word' id='word_1_2' title='bbox 718 439 785 485; x_wconf 72' lang='grc' dir='ltr'>ΜΒ.</span> <span class='ocrx_word' id='word_1_3' title='bbox 810 439 844 487; x_wconf 77' lang='grc' dir='ltr'>Χ.</span> <span class='ocrx_word' id='word_1_4' title='bbox 957 440 1007 491; x_wconf 80' lang='lat'>277</span> 
     </span>
    </p>
   </div>
   <div class='ocr_carea' id='block_1_2' title="bbox 260 560 978 1001">
    <p class='ocr_par' dir='ltr' id='par_1_2' title="bbox 261 560 867 628">
     <span class='ocr_line' id='line_1_2' title="bbox 261 560 867 628; baseline 0.003 -16"><span class='ocrx_word' id='word_1_5' title='bbox 261 566 341 613; x_wconf 87' lang='lat' dir='ltr'>atuor</span> <span class='ocrx_word' id='word_1_6' title='bbox 351 560 466 612; x_wconf 84' lang='lat' dir='ltr'>occessit</span> <span class='ocrx_word' id='word_1_7' title='bbox 474 561 614 628; x_wconf 84' lang='lat' dir='ltr'>trigesima</span> <span class='ocrx_word' id='word_1_8' title='bbox 622 562 757 612; x_wconf 82' lang='lat' dir='ltr'>messibus</span> <span class='ocrx_word' id='word_1_9' title='bbox 767 569 867 625; x_wconf 82' lang='lat' dir='ltr'>aestas,</span> 
     </span>
    </p>

    <p class='ocr_par' dir='ltr' id='par_1_3' title="bbox 260 635 773 688">
     <span class='ocr_line' id='line_1_3' title="bbox 260 635 773 688; baseline -0.006 0"><span class='ocrx_word' id='word_1_10' title='bbox 260 644 283 688; x_wconf 88' lang='lat' dir='ltr'>rt</span> <span class='ocrx_word' id='word_1_11' title='bbox 292 636 349 687; x_wconf 91' lang='lat' dir='ltr'>sine</span> <span class='ocrx_word' id='word_1_12' title='bbox 359 651 401 687; x_wconf 91' lang='lat' dir='ltr'>me</span> <span class='ocrx_word' id='word_1_13' title='bbox 412 635 504 687; x_wconf 80' lang='lat' dir='ltr'>Cereri</span> <span class='ocrx_word' id='word_1_14' title='bbox 513 636 616 686; x_wconf 84' lang='lat' dir='ltr'>rustica</span> <span class='ocrx_word' id='word_1_15' title='bbox 625 635 682 686; x_wconf 87' lang='lat' dir='ltr'>liba</span> <span class='ocrx_word' id='word_1_16' title='bbox 693 636 773 687; x_wconf 85' lang='lat' dir='ltr'>datis.</span> 
     </span>
    </p>

    <p class='ocr_par' dir='ltr' id='par_1_4' title="bbox 260 708 978 851">
     <span class='ocr_line' id='line_1_4' title="bbox 260 708 978 776; baseline 0.01 -19"><span class='ocrx_word' id='word_1_17' title='bbox 260 711 329 762; x_wconf 74' lang='lat' dir='ltr'>»enia</span> <span class='ocrx_word' id='word_1_18' title='bbox 339 710 401 761; x_wconf 89' lang='lat' dir='ltr'>dum</span> <span class='ocrx_word' id='word_1_19' title='bbox 412 709 527 761; x_wconf 87' lang='lat' dir='ltr'>colimus</span> <span class='ocrx_word' id='word_1_20' title='bbox 537 709 664 761; x_wconf 87' lang='lat' dir='ltr'>dominae</span> <span class='ocrx_word' id='word_1_21' title='bbox 674 708 856 776; x_wconf 87' lang='lat' dir='ltr'>pulcherrima</span> <span class='ocrx_word' id='word_1_22' title='bbox 865 709 978 766; x_wconf 84' lang='lat' dir='ltr'>Romae.</span> 
     </span>
     <span class='ocr_line' id='line_1_5' title="bbox 260 783 760 851; baseline -0.004 -16"><span class='ocrx_word' id='word_1_23' title='bbox 260 791 390 835; x_wconf 80' lang='lat' dir='ltr'>notavere</span> <span class='ocrx_word' id='word_1_24' title='bbox 402 799 476 834; x_wconf 84' lang='lat' dir='ltr'>meas</span> <span class='ocrx_word' id='word_1_25' title='bbox 486 783 557 834; x_wconf 85' lang='lat' dir='ltr'>ltala</span> <span class='ocrx_word' id='word_1_26' title='bbox 565 798 649 851; x_wconf 82' lang='lat' dir='ltr'>regna</span> <span class='ocrx_word' id='word_1_27' title='bbox 659 800 760 835; x_wconf 88' lang='lat' dir='ltr'>comas.</span> 
     </span>
    </p>

    <p class='ocr_par' dir='ltr' id='par_1_5' title="bbox 260 858 893 1001">
     <span class='ocr_line' id='line_1_6' title="bbox 260 858 893 925; baseline -0.003 -15"><span class='ocrx_word' id='word_1_28' title='bbox 260 859 351 925; x_wconf 80' lang='lat' dir='ltr'>cipitis</span> <span class='ocrx_word' id='word_1_29' title='bbox 360 858 485 909; x_wconf 81' lang='lat' dir='ltr'>reducem</span> <span class='ocrx_word' id='word_1_30' title='bbox 495 858 606 924; x_wconf 82' lang='lat' dir='ltr'>placida</span> <span class='ocrx_word' id='word_1_31' title='bbox 615 859 639 908; x_wconf 90' lang='lat' dir='ltr'>si</span> <span class='ocrx_word' id='word_1_32' title='bbox 649 866 747 920; x_wconf 85' lang='lat' dir='ltr'>mente,</span> <span class='ocrx_word' id='word_1_33' title='bbox 758 861 893 910; x_wconf 78' lang='lat' dir='ltr'>venimus:</span> 
     </span>
     <span class='ocr_line' id='line_1_7' title="bbox 260 932 771 1001; baseline -0.004 -16"><span class='ocrx_word' id='word_1_34' title='bbox 260 949 350 1001; x_wconf 80' lang='lat' dir='ltr'>supera</span> <span class='ocrx_word' id='word_1_35' title='bbox 359 933 383 984; x_wconf 87' lang='lat' dir='ltr'>si</span> <span class='ocrx_word' id='word_1_36' title='bbox 393 932 488 999; x_wconf 80' lang='lat' dir='ltr'>geritis</span> <span class='ocrx_word' id='word_1_37' title='bbox 498 932 591 995; x_wconf 84' lang='lat' dir='ltr'>eorda,</span> <span class='ocrx_word' id='word_1_38' title='bbox 601 933 691 983; x_wconf 86' lang='lat' dir='ltr'>redire</span> <span class='ocrx_word' id='word_1_39' title='bbox 699 932 771 984; x_wconf 70' lang='lat' dir='ltr'>lioet.</span> 
     </span>
    </p>
   </div>
   <div class='ocr_carea' id='block_1_3' title="bbox 489 1034 728 1079">
    <p class='ocr_par' dir='ltr' id='par_1_6' title="bbox 489 1034 728 1079">
     <span class='ocr_line' id='line_1_8' title="bbox 489 1034 728 1079; baseline 0.008 -3"><span class='ocrx_word' id='word_1_40' title='bbox 489 1039 535 1077; x_wconf 76' lang='lat'>1⁰4.</span> <span class='ocrx_word' id='word_1_41' title='bbox 559 1034 599 1076; x_wconf 78' lang='lat' dir='ltr'>nn</span> <span class='ocrx_word' id='word_1_42' title='bbox 619 1034 728 1079; x_wconf 77' lang='lat' dir='ltr'>librun.</span> 
     </span>
    </p>
   </div>
   <div class='ocr_carea' id='block_1_4' title="bbox 306 1110 915 2516">
    <p class='ocr_par' dir='ltr' id='par_1_7' title="bbox 306 1110 860 1327">
     <span class='ocr_line' id='line_1_9' title="bbox 306 1110 776 1174; baseline 0.002 -10"><span class='ocrx_word' id='word_1_43' title='bbox 306 1114 423 1164; x_wconf 88' lang='lat' dir='ltr'>lnostro</span> <span class='ocrx_word' id='word_1_44' title='bbox 435 1113 554 1174; x_wconf 86' lang='lat' dir='ltr'>oomes,i</span> <span class='ocrx_word' id='word_1_45' title='bbox 565 1110 665 1174; x_wconf 80' lang='lat' dir='ltr'>libelle,</span> <span class='ocrx_word' id='word_1_46' title='bbox 674 1111 776 1165; x_wconf 81' lang='lat' dir='ltr'>F&#39;laooo</span> 
     </span>
     <span class='ocr_line' id='line_1_10' title="bbox 306 1185 860 1253; baseline 0.002 -15"><span class='ocrx_word' id='word_1_47' title='bbox 306 1188 417 1253; x_wconf 77' lang='lat' dir='ltr'>longum</span> <span class='ocrx_word' id='word_1_48' title='bbox 427 1201 476 1252; x_wconf 85' lang='lat' dir='ltr'>per</span> <span class='ocrx_word' id='word_1_49' title='bbox 484 1201 568 1249; x_wconf 87' lang='lat' dir='ltr'>mare,</span> <span class='ocrx_word' id='word_1_50' title='bbox 576 1186 625 1238; x_wconf 87' lang='lat' dir='ltr'>sed</span> <span class='ocrx_word' id='word_1_51' title='bbox 635 1185 752 1238; x_wconf 84' lang='lat' dir='ltr'>laventis</span> <span class='ocrx_word' id='word_1_52' title='bbox 761 1188 860 1252; x_wconf 83' lang='lat' dir='ltr'>undae,</span> 
     </span>
     <span class='ocr_line' id='line_1_11' title="bbox 308 1259 725 1327; baseline 0 -15"><span class='ocrx_word' id='word_1_53' title='bbox 308 1267 335 1312; x_wconf 89' lang='lat' dir='ltr'>et</span> <span class='ocrx_word' id='word_1_54' title='bbox 345 1276 424 1312; x_wconf 87' lang='lat' dir='ltr'>eursu</span> <span class='ocrx_word' id='word_1_55' title='bbox 432 1259 510 1311; x_wconf 85' lang='lat' dir='ltr'>facili</span> <span class='ocrx_word' id='word_1_56' title='bbox 520 1261 627 1327; x_wconf 88' lang='lat' dir='ltr'>tuisque</span> <span class='ocrx_word' id='word_1_57' title='bbox 637 1263 725 1312; x_wconf 86' lang='lat' dir='ltr'>ventis</span> 
     </span>
    </p>

    <p class='ocr_par' dir='ltr' id='par_1_8' title="bbox 307 1333 789 1401">
     <span class='ocr_line' id='line_1_12' title="bbox 307 1333 789 1401; baseline 0.002 -16"><span class='ocrx_word' id='word_1_58' title='bbox 307 1333 447 1401; x_wconf 83' lang='lat' dir='ltr'>Hispanae</span> <span class='ocrx_word' id='word_1_59' title='bbox 458 1341 518 1401; x_wconf 87' lang='lat' dir='ltr'>pete</span> <span class='ocrx_word' id='word_1_60' title='bbox 527 1335 693 1386; x_wconf 78' lang='lat' dir='ltr'>&#39;l⁸arraoonis</span> <span class='ocrx_word' id='word_1_61' title='bbox 704 1350 789 1387; x_wconf 85' lang='lat' dir='ltr'>arces.</span> 
     </span>
    </p>

    <p class='ocr_par' dir='ltr' id='par_1_9' title="bbox 307 1409 734 1471">
     <span class='ocr_line' id='line_1_13' title="bbox 307 1409 734 1471; baseline 0.005 -12"><span class='ocrx_word' id='word_1_62' title='bbox 307 1409 386 1459; x_wconf 88' lang='lat' dir='ltr'>lllino</span> <span class='ocrx_word' id='word_1_63' title='bbox 394 1415 421 1460; x_wconf 87' lang='lat' dir='ltr'>te</span> <span class='ocrx_word' id='word_1_64' title='bbox 430 1414 493 1460; x_wconf 85' lang='lat' dir='ltr'>rota</span> <span class='ocrx_word' id='word_1_65' title='bbox 500 1409 589 1471; x_wconf 81' lang='lat' dir='ltr'>tollet,</span> <span class='ocrx_word' id='word_1_66' title='bbox 598 1415 625 1460; x_wconf 89' lang='lat' dir='ltr'>et</span> <span class='ocrx_word' id='word_1_67' title='bbox 634 1410 734 1461; x_wconf 82' lang='lat' dir='ltr'>citatus</span> 
     </span>
    </p>

    <p class='ocr_par' dir='ltr' id='par_1_10' title="bbox 307 1481 773 1535">
     <span class='ocr_line' id='line_1_14' title="bbox 307 1481 773 1535; baseline 0.002 -1"><span class='ocrx_word' id='word_1_68' title='bbox 307 1483 390 1534; x_wconf 83' lang='lat' dir='ltr'>altam</span> <span class='ocrx_word' id='word_1_69' title='bbox 402 1482 515 1535; x_wconf 85' lang='lat' dir='ltr'>Bilbilin</span> <span class='ocrx_word' id='word_1_70' title='bbox 524 1489 552 1533; x_wconf 89' lang='lat' dir='ltr'>et</span> <span class='ocrx_word' id='word_1_71' title='bbox 560 1489 635 1533; x_wconf 88' lang='lat' dir='ltr'>tuum</span> <span class='ocrx_word' id='word_1_72' title='bbox 646 1481 773 1535; x_wconf 85' lang='lat' dir='ltr'>Salonem</span> 
     </span>
    </p>

    <p class='ocr_par' dir='ltr' id='par_1_11' title="bbox 308 1556 760 1624">
     <span class='ocr_line' id='line_1_15' title="bbox 308 1556 760 1624; baseline 0.004 -17"><span class='ocrx_word' id='word_1_73' title='bbox 308 1558 401 1624; x_wconf 85' lang='lat' dir='ltr'>quinto</span> <span class='ocrx_word' id='word_1_74' title='bbox 411 1556 529 1609; x_wconf 81' lang='lat' dir='ltr'>forsitan</span> <span class='ocrx_word' id='word_1_75' title='bbox 537 1557 634 1609; x_wconf 83' lang='lat' dir='ltr'>essedo</span> <span class='ocrx_word' id='word_1_76' title='bbox 645 1558 760 1609; x_wconf 86' lang='lat' dir='ltr'>videbis.</span> 
     </span>
    </p>

    <p class='ocr_par' dir='ltr' id='par_1_12' title="bbox 307 1631 898 1849">
     <span class='ocr_line' id='line_1_16' title="bbox 309 1631 898 1698; baseline 0.003 -17"><span class='ocrx_word' id='word_1_77' title='bbox 309 1631 382 1693; x_wconf 74' lang='lat' dir='ltr'>Quid</span> <span class='ocrx_word' id='word_1_78' title='bbox 391 1632 515 1683; x_wconf 78' lang='lat' dir='ltr'>mandem</span> <span class='ocrx_word' id='word_1_79' title='bbox 526 1632 586 1694; x_wconf 92' lang='lat' dir='ltr'>tibi,</span> <span class='ocrx_word' id='word_1_80' title='bbox 598 1631 724 1698; x_wconf 78' lang='lat' dir='ltr'>quaerisl</span> <span class='ocrx_word' id='word_1_81' title='bbox 743 1637 774 1683; x_wconf 91' lang='lat' dir='ltr'>ut</span> <span class='ocrx_word' id='word_1_82' title='bbox 787 1632 898 1684; x_wconf 85' lang='lat' dir='ltr'>sodales</span> 
     </span>
     <span class='ocr_line' id='line_1_17' title="bbox 307 1705 829 1773; baseline 0.004 -17"><span class='ocrx_word' id='word_1_83' title='bbox 307 1720 419 1773; x_wconf 82' lang='lat' dir='ltr'>paucos,</span> <span class='ocrx_word' id='word_1_84' title='bbox 429 1705 477 1759; x_wconf 85' lang='lat' dir='ltr'>sed</span> <span class='ocrx_word' id='word_1_85' title='bbox 486 1711 599 1769; x_wconf 87' lang='lat' dir='ltr'>veteres,</span> <span class='ocrx_word' id='word_1_86' title='bbox 611 1710 639 1757; x_wconf 88' lang='lat' dir='ltr'>et</span> <span class='ocrx_word' id='word_1_87' title='bbox 648 1712 710 1757; x_wconf 88' lang='lat' dir='ltr'>ante</span> <span class='ocrx_word' id='word_1_88' title='bbox 720 1707 829 1758; x_wconf 82' lang='lat' dir='ltr'>brumas</span> 
     </span>
     <span class='ocr_line' id='line_1_18' title="bbox 307 1780 761 1849; baseline 0.004 -18"><span class='ocrx_word' id='word_1_89' title='bbox 307 1782 421 1849; x_wconf 79' lang='lat' dir='ltr'>triginta</span> <span class='ocrx_word' id='word_1_90' title='bbox 430 1780 497 1832; x_wconf 87' lang='lat' dir='ltr'>mihi</span> <span class='ocrx_word' id='word_1_91' title='bbox 507 1785 676 1848; x_wconf 68' lang='lat' dir='ltr'>quatuorque</span> <span class='ocrx_word' id='word_1_92' title='bbox 685 1782 761 1833; x_wconf 87' lang='lat' dir='ltr'>visos</span> 
     </span>
    </p>

    <p class='ocr_par' dir='ltr' id='par_1_13' title="bbox 306 1855 706 1922">
     <span class='ocr_line' id='line_1_19' title="bbox 306 1855 706 1922; baseline -0.003 -16"><span class='ocrx_word' id='word_1_93' title='bbox 306 1857 369 1922; x_wconf 82' lang='lat' dir='ltr'>ipsa</span> <span class='ocrx_word' id='word_1_94' title='bbox 378 1856 501 1922; x_wconf 85' lang='lat' dir='ltr'>protinus</span> <span class='ocrx_word' id='word_1_95' title='bbox 513 1871 530 1905; x_wconf 88' lang='lat' dir='ltr'>a</span> <span class='ocrx_word' id='word_1_96' title='bbox 540 1856 586 1906; x_wconf 87' lang='lat' dir='ltr'>via</span> <span class='ocrx_word' id='word_1_97' title='bbox 595 1855 706 1918; x_wconf 86' lang='lat' dir='ltr'>salutes,</span> 
     </span>
    </p>

    <p class='ocr_par' dir='ltr' id='par_1_14' title="bbox 306 1929 896 2056">
     <span class='ocr_line' id='line_1_20' title="bbox 307 1929 896 1993; baseline 0 -13"><span class='ocrx_word' id='word_1_98' title='bbox 307 1935 335 1980; x_wconf 90' lang='lat' dir='ltr'>et</span> <span class='ocrx_word' id='word_1_99' title='bbox 343 1935 464 1981; x_wconf 79' lang='lat' dir='ltr'>nostrum</span> <span class='ocrx_word' id='word_1_100' title='bbox 476 1930 624 1981; x_wconf 81' lang='lat' dir='ltr'>admoneas</span> <span class='ocrx_word' id='word_1_101' title='bbox 634 1929 749 1981; x_wconf 75' lang='lat' dir='ltr'>subinde</span> <span class='ocrx_word' id='word_1_102' title='bbox 757 1929 896 1993; x_wconf 81' lang='lat' dir='ltr'>Flaccum,</span> 
     </span>
     <span class='ocr_line' id='line_1_21' title="bbox 306 2002 741 2056; baseline 0 -1"><span class='ocrx_word' id='word_1_103' title='bbox 306 2004 441 2056; x_wconf 88' lang='lat' dir='ltr'>iucundos</span> <span class='ocrx_word' id='word_1_104' title='bbox 450 2002 516 2054; x_wconf 81' lang='lat' dir='ltr'>milri</span> <span class='ocrx_word' id='word_1_105' title='bbox 525 2019 577 2055; x_wconf 90' lang='lat' dir='ltr'>neo</span> <span class='ocrx_word' id='word_1_106' title='bbox 585 2003 741 2055; x_wconf 87' lang='lat' dir='ltr'>laboriosos</span> 
     </span>
    </p>

    <p class='ocr_par' dir='ltr' id='par_1_15' title="bbox 307 2079 739 2145">
     <span class='ocr_line' id='line_1_22' title="bbox 307 2079 739 2145; baseline 0.002 -16"><span class='ocrx_word' id='word_1_107' title='bbox 307 2094 430 2131; x_wconf 80' lang='lat' dir='ltr'>secessus</span> <span class='ocrx_word' id='word_1_108' title='bbox 440 2080 528 2144; x_wconf 86' lang='lat' dir='ltr'>pretio</span> <span class='ocrx_word' id='word_1_109' title='bbox 539 2083 617 2145; x_wconf 87' lang='lat' dir='ltr'>paret</span> <span class='ocrx_word' id='word_1_110' title='bbox 626 2079 739 2142; x_wconf 88' lang='lat' dir='ltr'>salubri,</span> 
     </span>
    </p>

    <p class='ocr_par' dir='ltr' id='par_1_16' title="bbox 306 2152 915 2438">
     <span class='ocr_line' id='line_1_23' title="bbox 308 2152 827 2221; baseline 0 -18"><span class='ocrx_word' id='word_1_111' title='bbox 308 2155 355 2221; x_wconf 91' lang='lat' dir='ltr'>qui</span> <span class='ocrx_word' id='word_1_112' title='bbox 366 2154 472 2220; x_wconf 84' lang='lat' dir='ltr'>pigrum</span> <span class='ocrx_word' id='word_1_113' title='bbox 482 2152 586 2204; x_wconf 85' lang='lat' dir='ltr'>laoiant</span> <span class='ocrx_word' id='word_1_114' title='bbox 594 2159 669 2203; x_wconf 87' lang='lat' dir='ltr'>tuum</span> <span class='ocrx_word' id='word_1_115' title='bbox 679 2160 827 2220; x_wconf 77' lang='lat' dir='ltr'>parentem.</span> 
     </span>
     <span class='ocr_line' id='line_1_24' title="bbox 306 2227 915 2294; baseline 0 -15"><span class='ocrx_word' id='word_1_116' title='bbox 306 2227 386 2279; x_wconf 81' lang='lat' dir='ltr'>Haeo</span> <span class='ocrx_word' id='word_1_117' title='bbox 395 2231 465 2278; x_wconf 89' lang='lat' dir='ltr'>sunt.</span> <span class='ocrx_word' id='word_1_118' title='bbox 490 2227 546 2277; x_wconf 88' lang='lat' dir='ltr'>lam</span> <span class='ocrx_word' id='word_1_119' title='bbox 557 2228 676 2278; x_wconf 79' lang='lat' dir='ltr'>tunudus</span> <span class='ocrx_word' id='word_1_120' title='bbox 686 2233 768 2278; x_wconf 86' lang='lat' dir='ltr'>vocat</span> <span class='ocrx_word' id='word_1_121' title='bbox 777 2228 915 2294; x_wconf 78' lang='lat' dir='ltr'>magister,</span> 
     </span>
     <span class='ocr_line' id='line_1_25' title="bbox 307 2303 829 2369; baseline -0.004 -15"><span class='ocrx_word' id='word_1_122' title='bbox 307 2303 478 2369; x_wconf 81' lang='lat' dir='ltr'>castigatque</span> <span class='ocrx_word' id='word_1_123' title='bbox 488 2316 591 2364; x_wconf 82' lang='lat' dir='ltr'>moras3</span> <span class='ocrx_word' id='word_1_124' title='bbox 605 2307 633 2353; x_wconf 88' lang='lat' dir='ltr'>et</span> <span class='ocrx_word' id='word_1_125' title='bbox 646 2316 714 2352; x_wconf 83' lang='lat' dir='ltr'>aura</span> <span class='ocrx_word' id='word_1_126' title='bbox 723 2308 829 2367; x_wconf 85' lang='lat' dir='ltr'>portum</span> 
     </span>
     <span class='ocr_line' id='line_1_26' title="bbox 306 2374 743 2438; baseline -0.007 -11"><span class='ocrx_word' id='word_1_127' title='bbox 306 2376 526 2428; x_wconf 85' lang='lat' dir='ltr'>laxavitmelior.</span> <span class='ocrx_word' id='word_1_128' title='bbox 549 2374 625 2438; x_wconf 88' lang='lat' dir='ltr'>Vale,</span> <span class='ocrx_word' id='word_1_129' title='bbox 637 2375 743 2425; x_wconf 86' lang='lat' dir='ltr'>libelle:</span> 
     </span>
    </p>

    <p class='ocr_par' dir='ltr' id='par_1_17' title="bbox 306 2449 847 2516">
     <span class='ocr_line' id='line_1_27' title="bbox 306 2449 847 2516; baseline -0.009 -12"><span class='ocrx_word' id='word_1_130' title='bbox 306 2466 412 2514; x_wconf 83' lang='lat' dir='ltr'>uorem,</span> <span class='ocrx_word' id='word_1_131' title='bbox 422 2449 477 2501; x_wconf 89' lang='lat' dir='ltr'>sois</span> <span class='ocrx_word' id='word_1_132' title='bbox 488 2454 565 2516; x_wconf 84' lang='lat' dir='ltr'>puto,</span> <span class='ocrx_word' id='word_1_133' title='bbox 574 2464 629 2500; x_wconf 93' lang='lat' dir='ltr'>non</span> <span class='ocrx_word' id='word_1_134' title='bbox 638 2454 761 2500; x_wconf 78' lang='lat' dir='ltr'>moretm</span> <span class='ocrx_word' id='word_1_135' title='bbox 769 2464 847 2500; x_wconf 86' lang='lat' dir='ltr'>unus.</span> 
     </span>
    </p>
   </div>
   <div class='ocr_carea' id='block_1_5' title="bbox 513 2711 708 2748">
    <p class='ocr_par' dir='ltr' id='par_1_18' title="bbox 513 2711 708 2748">
     <span class='ocr_line' id='line_1_28' title="bbox 513 2711 708 2748; baseline 0 -8"><span class='ocrx_word' id='word_1_136' title='bbox 513 2711 708 2748; x_wconf 49' lang='grc' dir='ltr'>ψ</span> 
     </span>
    </p>
   </div>
   <div class='ocr_carea' id='block_1_6' title="bbox 0 0 1380 3450">
    <p class='ocr_par' dir='ltr' id='par_1_19' title="bbox 0 0 1380 3450">
     <span class='ocr_line' id='line_1_29' title="bbox 0 0 1380 3450; baseline 0 0"><span class='ocrx_word' id='word_1_137' title='bbox 0 0 1380 3450; x_wconf 95' lang='lat' dir='ltr'> </span> 
     </span>
    </p>
   </div>
  </div>
 </body>
</html>
