2750 3450
400 352 432 404 68
688 354 902 400 maurianis

663 476 696 514 11.
719 473 751 514 ln
769 472 924 515 sutilium.

402 565 568 617 Circumlata
578 566 625 615 diu
634 567 734 616 mensis
744 566 869 617 scriblita
880 565 1019 630 secundis,

437 641 533 691 urebat
542 641 626 690 nimio
638 655 721 690 saeva
731 641 822 691 calore
832 655 940 702 manus3

401 716 449 767 sed
460 716 548 781 magis
559 714 672 764 ardebat
683 712 780 765 Sabidi
789 715 867 781 gula:
882 715 1008 780 protinus
1022 729 1094 783 ergo

439 788 558 841 sufflavit
567 789 659 839 buccis
668 794 763 855 terque
774 795 921 855 quaterque
931 790 997 839 suis.

400 863 452 914 llla
463 864 571 931 quidem
580 864 676 928 tepuit,
688 863 844 930 digitosque
855 863 998 913 admittere
1008 864 1074 914 visa
1084 879 1118 915 es

438 939 485 990 sed
495 953 573 989 nemo
584 939 675 1004 potuit
685 943 809 1005 tangere:
825 938 919 988 merda
930 937 991 987 fuit.

664 1046 698 1084 18.
723 1042 755 1084 ln
774 1043 927 1084 Maximum.

402 1125 563 1178 Perfrixisse
572 1131 634 1177 tuas
645 1131 742 1192 questa
753 1132 794 1176 est
804 1125 940 1191 praefatio
951 1126 1056 1177 lauces.

439 1201 505 1251 Cum
514 1206 542 1251 te
552 1201 700 1263 excusaris,
710 1200 839 1263 Maxime,
851 1201 916 1267 quid
929 1199 1048 1251 recitasi

576 1307 609 1348 19.
637 1305 678 1347 Dc
696 1305 800 1358 vipera
817 1306 846 1347 in
864 1318 910 1347 ore
928 1317 1020 1349 ursae.

401 1399 531 1450 Proxima
540 1399 661 1449 centenis
671 1399 825 1450 ostenditur
833 1412 898 1449 ursa
908 1397 1052 1462 columnis,

439 1478 572 1523 exornant
582 1473 662 1523 fictae
673 1488 727 1540 qua
736 1474 886 1540 platanona
896 1471 977 1522 ferae.

402 1546 492 1598 liuius
503 1547 565 1597 dum
576 1548 685 1614 patulos
698 1548 820 1599 alludens
830 1551 918 1598 tentat
926 1544 1018 1596 hiatus

438 1621 550 1688 pulcher
559 1623 658 1689 Hylas,
673 1629 794 1673 teneram
803 1622 898 1672 mersit
907 1621 936 1670 in
948 1636 998 1672 ora
1008 1636 1118 1672 manum

367 1705 373 1719 ·
402 1695 505 1764 Vipera
515 1697 563 1749 scd
575 1713 656 1749 caeco
669 1698 802 1749 scelerata
812 1696 952 1748 latebatin
964 1710 1021 1759 ore,

438 1773 600 1840 vivebatque
611 1774 703 1823 anima
714 1774 848 1823 deteriore
858 1770 926 1821 scra.

401 1845 464 1898 Non
475 1848 560 1899 sensit
569 1864 635 1915 puer
645 1863 704 1898 esse
714 1847 803 1908 dolos,
813 1846 864 1895 nisi
881 1845 960 1896 dente
969 1851 1092 1911 recepto,

440 1922 503 1973 dum
514 1923 592 1989 perit
614 1921 636 1971 0
648 1921 763 1983 facinus,
774 1920 846 1970 falsa
856 1920 930 1986 quod
939 1934 1004 1970 ursa
1013 1918 1080 1971 hut!

693 2028 728 2066 2⁰.
749 2025 789 2067 Da
808 2023 903 2066 Canio.
1001 2071 1007 2084 Ι

475 2117 537 2179 Dic,
547 2116 636 2179 Musa,
648 2117 712 2182 quid
724 2123 788 2183 agat
802 2118 902 2168 Canius
916 2133 991 2168 meus
1001 2116 1109 2169 Rufus!

474 2191 603 2242 Utrumne
614 2189 715 2241 chartis
723 2192 809 2242 tradit
818 2192 865 2242 ille
873 2192 986 2243 victuris

476 2264 592 2331 legenda
600 2270 751 2331 temporum
763 2272 825 2317 acta
834 2264 1064 2317 Claudianorum}

477 2354 511 2389 an
522 2354 591 2405 quae
601 2338 703 2391 Neroni
714 2339 801 2391 falsus
812 2341 929 2391 adstruit
939 2339 1076 2406 scriptor!

476 2415 515 2465 An
528 2414 679 2465 aemulatur
687 2415 807 2482 improbi
816 2416 895 2466 iocos
906 2414 1041 2465 Phaedri?

476 2489 595 2540 lascivus
606 2489 700 2556 elegis,
711 2505 746 2540 an
756 2504 865 2540 severus
875 2487 984 2540 heroisi

477 2579 511 2613 an
522 2565 550 2614 in
561 2561 699 2615 cothurnis
710 2563 836 2615 horridus
846 2562 1027 2630 Sophocleis?

477 2653 512 2689 an
524 2640 628 2689 otiosus
638 2640 667 2688 in
678 2636 772 2689 schola
785 2644 928 2705 poetarum

477 2712 570 2777 lepore
580 2715 681 2764 tinctos
692 2714 782 2764 Attico
793 2712 864 2763 sales
874 2710 984 2763 narrati

468 2786 546 2840 Hinc
555 2789 581 2839 si
591 2790 716 2855 recessit,
725 2790 866 2859 porticum
872 2788 942 2837 terit
946 2787 1056 2849 templi,

458 2876 498 2914 an
510 2867 609 2932 spatia
621 2869 716 2937 carpit
725 2868 823 2921 lentus
834 2855 1074 2931 argonautarum
