2750 3450
425 354 739 402 EPIGRAMMATUM
759 356 829 403 LlB.
851 356 918 404 XIV.
1020 353 1069 406 359

531 478 565 518 tt.
589 474 811 528 Myrobalanum.

274 570 359 633 Quod
369 584 419 620 uec
428 566 571 636 Virgilius,
581 583 632 620 nec
641 570 761 620 carmine
772 569 843 620 dixit
851 558 997 634 Homerus,

313 643 368 696 hoc
377 659 412 696 ex
420 648 558 711 unguento
569 649 759 695 constatetex
768 643 879 696 balano.
916 674 919 679 >

536 769 571 808 58.
583 757 809 820 'Aphronitrum

273 859 406 911 Rusticus
416 857 462 910 esi
480 858 578 910 Nescis
589 860 654 926 quid
666 859 773 910 Graeco
783 860 893 911 nomine
904 861 989 911 dicar.

314 932 418 1001 Spuma
426 949 511 985 vocor
520 934 595 985 nitri.
617 933 738 985 Graecus
749 933 796 986 esl
809 929 976 1001 ἀφρόνντροα.

545 1059 579 1099 tt.
604 1055 802 1112 Opobalsama.

274 1149 408 1201 Balsama
418 1165 461 1201 me
472 1150 591 1215 capiunt,
602 1148 671 1202 haec
680 1157 744 1202 sunt
752 1157 890 1220 unguenta
898 1153 1034 1205 vuornnn

315 1223 429 1276 delicias
441 1223 534 1276 cosmi
543 1241 594 1278 vos
603 1225 726 1278 redolete
735 1242 827 1278 nurus.

560 1333 594 1373 to.
618 1330 789 1374 Lomentum.

278 1423 393 1476 Gratum
402 1439 499 1476 muuus
509 1425 569 1487 erit,
580 1425 666 1477 scisso
678 1441 729 1477 nec
737 1426 835 1477 inutile
844 1427 941 1489 venui,

314 1500 340 1552 si
350 1499 425 1551 clara
435 1497 567 1565 Stephani
576 1498 676 1550 balnea
684 1501 746 1552 luce
755 1506 841 1568 petes.

520 1606 553 1646 61.
577 1603 703 1647 Laterua
721 1618 830 1647 cornea.

277 1700 342 1753 Dux
351 1699 458 1751 laterna
466 1697 529 1749 viae
541 1696 642 1748 clausis
652 1695 728 1749 feror
737 1712 822 1749 aurea
830 1696 956 1761 flammis,

316 1781 344 1827 et
351 1780 411 1826 tuta
421 1780 463 1825 est
473 1773 577 1840 gremio
588 1774 795 1838 parvalucerna
806 1788 878 1825 mec.

496 1881 530 1921 tl.
554 1878 679 1922 Laterna
697 1891 733 1920 ex
750 1879 854 1920 vesica.

278 1973 387 2025 cornea
396 1972 422 2023 si
431 1987 486 2023 oon
496 1987 564 2035 oum,
576 1972 707 2039 numquid
718 1983 777 2023 snm
790 1970 913 2024 lusclorl
933 1974 980 2022 aut
989 1983 1032 2020 me

280 2082 283 2087 ·
316 2048 443 2108 vesicam,
454 2052 551 2097 contra
561 2047 701 2113 quiverit,
715 2062 775 2099 esse
784 2044 879 2115 putati

586 2155 620 2195 63.
643 2151 764 2195 Fistula.

279 2243 354 2306 Quid
363 2259 405 2295 me
416 2250 586 2311 compactam
597 2246 666 2298 ceris
677 2252 705 2297 et
715 2246 847 2297 antudine
856 2245 947 2297 rloest

317 2318 395 2380 Quae
404 2319 520 2386 primum
530 2325 634 2371 structa
643 2326 685 2372 est
695 2321 794 2384 fistula,
805 2321 870 2372 talis
881 2326 948 2372 erat.

590 2428 624 2468 Μ
650 2424 764 2468 Tibiae.

277 2517 365 2569 Ebria
374 2533 424 2569 nos
434 2518 553 2570 madidis
563 2520 666 2585 rumpit
674 2519 791 2569 tibicina
804 2518 911 2569 bucciss

316 2607 398 2659 saepe
409 2592 477 2644 duas
487 2594 598 2659 pariter,
609 2609 691 2660 saepe
701 2593 850 2645 monaulon
860 2590 951 2644 habet.

520 2700 554 2740 65.
580 2696 681 2744 Soleae
701 2697 826 2740 lanatae.

277 2789 408 2844 Defuerit
415 2792 440 2841 si
450 2789 521 2842 forte
529 2803 607 2858 puer,
618 2791 769 2863 soleasque
775 2791 886 2844 liltelsit

304 2878 427 2915 ersmers:
438 2880 494 2932 pro
502 2882 595 2936 puero
604 2883 659 2939 pes
670 2872 730 2926 erit
737 2872 805 2942 lpse
816 2867 890 2921 silai.
