2750 3450
444 354 759 412 ne‘ronnnmnrun
787 366 919 414 cinxi.
1032 363 1080 414 3⁰3

282 491 474 558 Attonitusque
484 489 554 557 legis
563 493 647 541 terrui·
659 484 815 557 frugiferai3

320 567 418 617 decius
428 571 456 616 et
465 565 598 632 quidquid
608 565 797 630 Pacuviusque
809 570 928 615 vomunt

283 639 333 692 Vis
343 641 437 692 imiter
446 646 559 702 veteres,
571 639 724 702 Chrestille,
736 646 851 706 tuosque
863 639 974 705 poetasi

319 715 490 784 Dispeream,
502 716 600 778 sisois,
611 715 732 766 mentula
742 714 808 782 qnid
820 715 919 780 sapiat.

482 825 516 863 iil.
540 820 725 874 Epitaphium
745 820 879 863 Canaces.

282 898 419 950 Aeolidon
431 897 539 949 Canace
547 899 621 949 iacet
629 895 683 948 hoo
692 898 827 948 tumulata
837 898 971 963 seprdcro,

320 975 419 1025 ultima
429 973 474 1025 cui
489 988 589 1038 parvae
599 974 717 1038 septima
726 974 800 1024 venit
809 970 905 1023 hiems.
999 972 1003 980 '

281 1047 323 1100 Ah
333 1048 432 1111 coelun,
443 1046 478 1098 ah
488 1046 609 1099 facinus!
630 1046 766 1114 Properas
777 1047 843 1113 quid
854 1047 927 1109 flere,
938 1046 1055 1098 viatori.

319 1123 384 1177 Non
392 1124 459 1175 licet
467 1120 513 1174 hic
522 1125 595 1174 vitae
607 1123 640 1174 de
649 1124 784 1174 brevitate
795 1124 879 1190 queri.

283 1201 403 1251 'l'ristins
414 1203 456 1251 est
466 1197 522 1249 leto
533 1199 580 1249 leti
591 1214 689 1266 genus:
705 1197 818 1249 horrida
829 1200 919 1249 vultus

321 1273 434 1325 abstulit
444 1278 471 1324 et
480 1277 574 1325 tenero
585 1274 694 1325 seditio
707 1289 754 1325 ore
765 1274 837 1324 lues:

282 1352 398 1418 ipsaque
409 1349 531 1399 crudeles
543 1349 655 1400 ederunt
666 1349 761 1400 oscula
771 1349 873 1410 morbi3

319 1441 370 1476 noc
379 1424 446 1475 data
455 1428 518 1474 sunt
528 1425 613 1491 nigris
623 1429 684 1476 tota
694 1424 796 1475 iabcila
805 1425 890 1492 rogis.

283 1500 314 1551 Si
323 1505 381 1551 tam
390 1499 536 1566 praecipiti
546 1498 655 1550 fuerant
664 1505 779 1550 ventura
788 1499 892 1562 volatu,

321 1575 471 1627 debuerant
481 1573 538 1624 alia
547 1573 606 1624 fata
615 1574 707 1625 venire
718 1575 772 1625 via.
950 1626 953 1633 ,

284 1649 339 1703 Sed
349 1666 424 1702 mors
433 1649 511 1700 vocis
520 1650 574 1707 iter
583 1649 743 1716 properavit
753 1647 861 1699 cludere
871 1647 998 1712 blandae,

320 1742 354 1779 ne
364 1730 458 1794 posset
468 1723 550 1776 duras
560 1723 669 1777 flectere
682 1725 778 1792 lingua
791 1725 866 1775 deas.

566 1816 601 1856 92.
625 1812 657 1856 In
676 1811 793 1855 Zoilum.

284 1893 424 1956 Mentitur,
437 1891 484 1958 qui
494 1896 520 1943 te
530 1892 668 1954 vitiosum,
680 1889 766 1954 Zoile,
777 1890 855 1941 dixit.

321 1966 385 2020 Non
394 1968 512 2018 vitiosus
522 1965 605 2019 homo
616 1982 654 2029 es,
665 1964 752 2028 Zo'1'le,
762 1966 810 2016 sed
821 1965 925 2016 vitium.

540 2059 574 2098 9³.
601 2057 639 2098 De
659 2054 820 2097 Theodoro.

283 2131 391 2184 Pierios
400 2133 472 2184 vatis
483 2130 623 2184 Theodori
635 2131 745 2183 flamma
754 2129 870 2181 Penates

322 2207 443 2259 abstulit.
464 2206 527 2259 Hoc
536 2207 634 2269 Musis,
644 2206 698 2259 hoe
707 2208 767 2270 tibi,
778 2204 897 2267 Phoebe,
907 2204 1014 2271 placeti

284 2283 307 2333 0
318 2283 416 2345 scelus,
428 2299 444 2333 o
455 2298 582 2350 magnum
593 2282 701 2334 facinus
711 2283 866 2346 crimenque
876 2281 997 2340 deornm,

320 2373 377 2411 non
388 2359 456 2409 arsit
465 2359 569 2426 pariter
580 2358 653 2424 quod
664 2358 761 2409 domus
772 2361 800 2407 et
809 2354 948 2407 dominus!

487 2449 522 2490 94.
545 2444 578 2487 In
596 2458 711 2499 verpum
730 2441 876 2484 aemulum.
970 2477 978 2484 .

285 2522 366 2584 Quod
376 2523 490 2574 nimium
500 2523 578 2584 lives,
587 2523 691 2573 nostrie
704 2524 731 2571 et
740 2520 842 2585 ubique
851 2517 953 2569 libellis

321 2596 452 2660 detrahis,
462 2599 592 2665 ignosco:
608 2612 690 2662 verpe
701 2601 793 2662 poeta,
804 2595 888 2659 sapis.

285 2673 461 2740 Hoeqnoque
472 2688 527 2724 non
538 2686 613 2734 curo,
621 2671 760 2737 quodcum
771 2685 831 2720 mea
842 2670 964 2720 carmina
973 2685 1080 2736 carpas,

321 2748 468 2814 compilam
485 2753 513 2799 et
522 2748 571 2810 sio,
582 2761 665 2813 verpe
673 2752 766 2812 poeta,
777 2745 861 2811 sapie.

225 2821 227 2828 '
283 2823 355 2875 lilnd
364 2838 408 2874 me
419 2823 531 2885 cruciat,
543 2822 665 2889 Solymis
675 2821 750 2887 quod
760 2826 841 2871 natus
854 2820 884 2869 in
893 2820 971 2887 ipsis,

224 2949 230 2984 ·,
319 2899 451 2967 paedicaa
462 2913 584 2965 puerum,
594 2911 676 2965 verpe
685 2900 778 2964 poeta,
787 2910 886 2948 meum.
