2750 3450
385 410 697 460 Eploanmmnrum
724 415 791 461 ΜΒ.
814 415 844 460 V.
961 411 1010 463 133

263 534 362 584 ddatur
371 534 396 584 si
405 549 496 601 pugna
504 535 603 600 triplex
612 538 730 601 pastoris
739 537 823 599 lberi3

263 607 371 669 esttibi,
383 609 429 673 qni
439 611 527 674 possit
536 610 641 660 vincere
653 609 815 676 Geryonem.

263 697 311 748 epe
320 682 386 732 licet
398 681 499 733 Graiae
508 690 661 734 numeretur
669 685 761 735 bellua
770 685 885 748 Lernae,

263 756 387 821 improba
395 755 511 806 Niliacis
522 757 586 823 quid
596 757 663 808 facit
673 759 770 824 Hydra
780 759 862 810 ferisi

264 846 277 881 o
288 831 392 881 meritis
402 831 507 881 coelum
516 833 610 893 tantis,
620 833 747 900 Auguste,
759 834 889 884 dederunt

263 904 372 957 Alcidae
382 906 436 955 cito
448 904 489 967 di;
504 905 552 956 sed
560 906 612 956 tibi
621 922 682 958 sero
693 908 804 958 dabunt.

463 1011 497 1052 oo.
521 1008 552 1051 ln
570 1009 770 1054 Pantiliaaum.

264 1101 311 1151 epe
322 1086 464 1148 salutatus,
474 1101 610 1151 nunqnam
620 1087 697 1152 prior
706 1087 765 1152 ipse
776 1086 892 1139 solutast

264 1161 302 1212 sic
311 1161 364 1210 erit
373 1166 518 1223 aeternum,
533 1159 696 1223 Pontiliane,
706 1162 775 1211 vale.

477 1266 511 1307 ot.
535 1265 574 1307 De
594 1264 752 1307 hirundine.

264 1341 362 1392 bemos
372 1346 493 1406 peterent
502 1341 584 1392 solito
596 1357 655 1392 cum
664 1332 872 1394 more'recessus
945 1401 947 1406 ,

264 1413 393 1477 Atthides,
402 1416 431 1465 in
440 1416 512 1465 nidis
521 1431 576 1465 una
584 1417 715 1466 remansit
728 1417 795 1467 avis.

267 1489 397 1555 prendere
406 1487 483 1540 nefas
494 1490 529 1540 ad
538 1496 661 1556 tempora
670 1506 754 1541 verna
763 1505 896 1554 reversae,

265 1570 289 1614 et
298 1563 439 1630 profugam
451 1565 574 1615 volucres
584 1564 719 1630 diripuere
729 1580 803 1616 suae.

265 1654 293 1689 ro
306 1638 501 1703 deditpoenas.
528 1639 655 1705 Discerpi
665 1639 750 1689 noxia
759 1645 846 1692 mater

265 1713 405 1765 debuerat:
421 1713 851 1782 sedtrmc,cumlaceravit1tym.

492 1821 527 1861 68·
550 1818 590 1860 dd
609 1818 744 1860 Lesbiam.

265 1902 326 1946 etoa
336 1895 369 1946 de
379 1900 458 1962 gente
468 1909 573 1946 comam
583 1894 643 1956 tibi,
654 1893 765 1957 Lesbia,
775 1895 850 1946 misi:

265 1976 292 2021 ut
301 1972 394 2033 scires,
405 1975 506 2037 quanto
517 1970 554 2020 sit
561 1975 609 2020 tua
618 1967 690 2020 flava
698 1970 795 2036 magis.

459 2077 493 2117 6⁹.
517 2072 547 2115 ln
566 2074 596 2115 id.
614 2072 772 2116 Antonium.

266 2151 326 2202 toni
334 2148 436 2201 Phario
445 2149 485 2200 nil
495 2150 632 2201 obiecture
645 2149 773 2214 Pothino,

266 2234 289 2276 et
299 2226 386 2276 levius
394 2224 497 2287 tabula,
509 2240 589 2291 quam
600 2225 740 2288 Cicerone,
751 2240 864 2276 nocens=

266 2300 291 2350 id
300 2299 421 2366 gladium
432 2299 540 2350 demens
550 2299 673 2350 Romana
683 2300 795 2366 stringis
803 2300 833 2350 in
844 2299 909 2351 arai

266 2374 325 2424 Hoc
334 2375 489 2425 admisisset
497 2388 547 2424 nec
560 2374 678 2424 Catilina
687 2373 772 2423 nefas.

266 2449 327 2515 pius
337 2448 450 2499 infando
460 2448 538 2500 miles
549 2449 730 2514 corrumpitur
740 2463 822 2499 carot

266 2529 289 2575 ct
298 2524 382 2574 tantis
394 2522 490 2589 opibus
500 2538 554 2574 vox
562 2528 636 2573 tacet
644 2537 699 2572 una
708 2521 768 2572 tibi.

266 2599 299 2649 id
308 2602 423 2664 prosunt
431 2612 525 2647 sacrae
536 2598 656 2663 pretiosa
666 2596 776 2646 silentia
784 2594 910 2663 linguae!

266 2673 396 2739 incipient
406 2686 499 2722 omnes
508 2687 558 2737 pro
572 2670 701 2721 Cicerone
711 2670 796 2736 loqui.

392 2777 427 2817 70.
450 2774 491 2816 De
508 2773 622 2826 Syrisce
640 2770 674 2814 ad
693 2770 856 2817 Maximum.
934 2777 941 2794 ⁸

323 2848 778 2922 Irrfnsumsibinuperapatrono

308 2920 430 2985 plenum,
440 2922 580 2995 Maxime,
594 2933 712 2987 centies
723 2931 873 3005 Syriscus

1053 2755 1061 2830 ⁴3
