2750 3450
404 408 720 458 Epieulmmmm
745 410 812 456 mu.
829 408 885 456 ΧΗ.
991 407 1040 458 335

302 532 446 586 Petilianis
456 532 588 584 delicatus
597 533 627 591 in
636 532 737 600 regnis,

303 609 348 660 cui
357 608 440 675 plane
449 623 570 659 summor
579 607 697 673 despicit
706 607 802 658 domus
816 614 931 670 montes,

301 688 330 735 et
337 698 384 734 rue
394 683 423 734 in
432 682 499 733 urbe
509 686 559 745 eet,
567 681 723 748 vinitorque
734 680 881 732 Romnum.

301 755 360 808 Nec
368 757 398 807 in
407 756 525 808 Falerno
537 755 607 807 colle
617 756 708 806 maior
717 762 872 818 autumnus,
978 796 981 803 .

301 831 427 898 intraque
439 831 523 881 limen
533 830 643 881 clausus
652 830 748 882 essedo
761 846 864 892 cursus,

303 906 368 956 etin
378 904 515 972 profundo
527 920 646 967 somnus,
656 909 684 955 et
694 905 771 970 quies
780 905 864 955 nullis

303 978 531 1046 offemalingnie3
546 993 596 1031 nec
606 978 674 1040 dieo,
684 979 738 1029 uiui
748 978 894 1031 admissus.
990 1024 1012 1036 ,,
1030 1015 1040 1048 Ι.

301 1053 360 1105 Nou
369 1054 536 1105 moneenntiu
546 1055 618 1104 rioue
628 1053 731 1104 excitat
738 1053 845 1115 turbae,

301 1134 329 1180 et
339 1128 373 1179 ad
384 1128 473 1179 cubile
483 1134 525 1179 est
535 1126 635 1178 Romo:
649 1127 745 1179 taedio
755 1127 836 1179 fessis

301 1203 421 1255 dormire
432 1203 540 1270 quoties
549 1202 638 1265 libuit,
647 1201 718 1253 imur
729 1201 765 1253 ed
774 1203 878 1254 villam.

511 1309 545 1349 ee
571 1306 610 1348 Au
628 1304 771 1349 Alonion.

245 1383 453 1435 Ancillariolum
463 1390 511 1434 tua
520 1389 547 1435 te
561 1389 730 1448 vocutnxor,
741 1388 769 1436 et
777 1385 839 1452 ipen

284 1457 455 1510 lecticariolo
464 1463 518 1509 eutr
536 1459 611 1522 estio,
620 1457 736 1522 Alauda,
746 1473 835 1525 paren.

385 1565 421 1606 ee.
444 1562 484 1604 Do
503 1555 900 1617 importunir'boriotoribor.

301 1639 419 1690 Tantum
430 1639 478 1690 (let
486 1639 538 1689 tibi
547 1637 636 1691 Roma
644 1637 786 1692 bauiorum

300 1719 365 1781 pout
374 1730 460 1766 annos
470 1713 553 1766 modo
566 1714 719 1781 quindecim
729 1731 849 1779 reverso,

301 1794 430 1856 qnantum
440 1788 543 1840 Lesbio
552 1804 606 1840 non
617 1790 694 1841 (ledit
704 1789 823 1843 catullo.

301 1864 341 1914 'l'e
350 1864 454 1915 vicinio
462 1869 532 1927 toto,
541 1870 569 1915 te
578 1865 684 1930 pilosus

299 1935 411 1989 hircosa
422 1938 520 2005 premit
530 1938 625 1989 osculo
636 1939 760 1990 colonus.

299 2011 374 2064 Hinc
382 2013 468 2066 instat
476 2012 528 2064 tibi
538 2018 638 2076 textor,
649 2013 713 2065 inde
723 2012 803 2078 lullo,

299 2084 363 2138 hinc
373 2092 449 2139 sutor
459 2087 541 2138 modo
552 2088 623 2155 pelle
633 2088 752 2152 basiate,

298 2159 363 2213 hinc
371 2162 455 2213 menti
466 2161 592 2214 dominus
601 2163 765 2229 pediculosi,

299 2233 364 2287 hinc
373 2236 584 2303 defloculuuque,
595 2243 623 2288 et
631 2238 695 2289 inde
707 2238 808 2304 lippus,

298 2309 471 2378 fellatorque,
483 2325 630 2378 recensque
640 2313 821 2379 cunnilingus.

299 2384 357 2437 lom
366 2387 436 2437 tanti
445 2385 499 2437 tibi
508 2401 563 2437 non
572 2384 625 2436 fuit
633 2386 732 2438 redire.

468 2476 502 2517 60.
527 2471 568 2513 Au
588 2486 663 2515 uuum
681 2472 812 2516 natalem.

245 2548 344 2600 Mortis
355 2548 461 2601 alumne
471 2549 539 2612 dies,
549 2564 658 2600 roseam
669 2565 724 2616 quo
734 2550 863 2615 lampada
876 2551 1000 2618 primum,

282 2638 433 2691 magnaque
445 2623 546 2676 siderei
555 2624 672 2675 vidimus
683 2639 734 2675 ora
743 2626 801 2675 dei:

245 2698 270 2749 si
279 2704 307 2749 te
317 2713 380 2750 rure
390 2699 454 2762 coli,
464 2698 620 2764 viridesque
630 2698 736 2765 pigebit
745 2699 781 2749 ad
790 2714 862 2762 uror,

282 2772 330 2839 qui
339 2772 431 2825 fueras
441 2773 525 2825 Latio
535 2774 623 2824 cultris
632 2774 661 2824 in
671 2772 738 2833 urbe
747 2772 828 2824 mihi:

245 2847 281 2899 da
290 2849 408 2912 veniam,
417 2848 517 2900 servire
526 2848 582 2899 tuis
592 2847 666 2914 quod
675 2848 741 2900 nolo
751 2847 893 2912 Kalendis,

282 2926 310 2973 et
319 2938 374 2990 qua
383 2938 441 2974 uum
449 2923 567 2990 genitur,
578 2922 669 2978 virere
678 2922 742 2978 luce
752 2923 834 2979 uolo.
