2750 3450
449 412 767 462 perdomitorum
792 413 861 459 ΜΒ.
885 411 929 458 IX.
1037 408 1087 460 21⁹

384 537 434 591 sed
445 536 553 600 Graeci,
563 535 661 603 quibus
670 533 791 587 estnihil
800 540 936 603 uegetum,

313 638 320 649 ν
385 597 837 680 etquosdeodeecdeoetsonare:

384 688 465 740 nobis
475 686 604 738 nonlicet
613 700 672 736 esse
681 690 737 735 tam
749 685 868 748 disertis,

386 763 434 831 qui
442 761 537 813 Muses
548 760 664 812 colimus
674 760 833 811 severiores.

578 858 612 898 18.
636 855 675 898 Ile
694 853 797 896 eodem.

247 976 249 987 .
294 933 325 988 Si
335 934 413 986 deret
423 938 567 985 autumnus
575 929 643 982 mihi
653 944 761 993 nomeu,
771 923 898 996 inciperes
907 947 1007 983 essem:

330 1006 445 1060 horride
454 1009 479 1060 si
488 1008 600 1059 brumae
615 1004 716 1066 sideru,
724 1003 874 1071 χειμὲρνιος.

293 1083 393 1136 Dictus
404 1083 438 1134 ab
449 1082 554 1134 aestivo
566 1078 669 1146 dtpwoc
678 1081 731 1135 tibi
740 1097 832 1133 meuse
841 1097 968 1132 vocarerz

330 1163 456 1225 tempora
466 1157 510 1208 cui
518 1172 618 1208 nomeu
627 1171 711 1208 verna
722 1158 828 1220 dedere,
837 1155 900 1223 'quis
911 1154 967 1206 esti

578 1264 612 1306 14.
637 1261 676 1302 De
695 1263 798 1305 eodem.

293 1337 401 1393 Nomen
410 1335 503 1401 habes,
512 1337 600 1388 teucri
610 1339 683 1404 quod
692 1344 819 1404 ternpore
826 1340 963 1402 nuncupet
977 1335 1049 1399 euni,

331 1429 393 1466 cum
401 1413 483 1464 breve
493 1411 642 1478 Cecropiae
656 1429 704 1465 ver
712 1412 878 1480 populantur
888 1426 967 1477 apes:

293 1504 402 1551 nomeu,
411 1486 539 1539 Acidalia
548 1488 646 1537 meruit
655 1487 730 1554 quod
741 1487 872 1538 arundine
882 1487 967 1553 pingi,

331 1562 406 1631 quod
417 1560 552 1629 cytherea
562 1576 612 1612 sua
622 1562 741 1613 scribere
749 1560 851 1630 gaudet
861 1577 924 1612 scut

293 1653 402 1701 nomeu,
413 1634 573 1704 Erythraeis
583 1635 657 1703 quod
666 1636 748 1687 litera
757 1635 832 1687 facta
844 1634 958 1702 lapillis,

331 1727 438 1781 gemme
447 1711 521 1780 quod
530 1710 678 1763 Heliadum
689 1710 790 1779 pollice
799 1711 867 1762 trita
876 1714 965 1761 notetr

295 1788 369 1856 quod
379 1802 467 1856 penna
477 1787 611 1838 scribente
621 1801 701 1854 grues
712 1785 747 1837 ad
758 1785 850 1837 sidera
858 1784 971 1846 tollant3
1037 1812 1040 1818 -

332 1862 406 1930 quod
417 1862 495 1914 decet
502 1861 533 1912 iu
543 1862 605 1912 sola
615 1860 742 1912 Caesaris
752 1876 811 1912 esse
822 1859 914 1911 domo.

476 1970 509 2008 1⁵.
533 1966 565 2009 Iu
583 1967 701 2008 amicum
720 1966 906 2019 coeuipetuu.

294 2044 384 2108 Hunc,
395 2058 474 2111 quem
483 2057 570 2094 coeno
578 2042 640 2106 tibi,
647 2058 726 2110 quem
736 2056 831 2093 mensa
842 2040 951 2110 pererit
960 2039 1086 2101 amicum,

331 2133 391 2171 esse
400 2122 480 2184 putas
490 2116 561 2168 fidae
570 2122 665 2183 pectus
675 2115 830 2168 amicitiast

295 2194 395 2261 Aprum
406 2197 488 2255 amat,
499 2196 526 2242 et
535 2192 644 2255 mullos,
655 2197 683 2243 et
692 2207 795 2262 sumen,
810 2197 838 2243 et
847 2196 947 2253 ostrea,
958 2204 1013 2241 nou
1021 2194 1057 2239 te.

332 2269 401 2319 'l'em
410 2267 479 2318 bene
489 2265 513 2317 si
524 2281 644 2331 coenem,
654 2272 749 2319 noster
758 2266 862 2317 amicus
872 2265 933 2316 erit.

581 2374 615 2414 16·
640 2371 679 2413 De
700 2370 796 2415 Chloe.

294 2446 437 2515 Inscripsit
444 2446 549 2499 tumulo
559 2454 662 2515 septem
673 2446 811 2498 celebrata
820 2448 941 2498 virorum

331 2520 572 2574 sefecissechloe.
594 2521 666 2582 Quid
676 2526 741 2587 pote
751 2520 919 2588 simpliciusi

531 2629 564 2669 11.
589 2627 628 2669 De
648 2637 723 2668 coma
741 2624 848 2667 Earini.

296 2700 448 2753 Consilium
458 2700 564 2755 formae
574 2702 714 2769 speculum
724 2702 870 2768 dulcesque
881 2702 996 2769 capillos

331 2773 481 2845 Pergameo
491 2778 585 2846 posuit
594 2777 667 2829 done
676 2782 787 2829 sacrata
795 2776 857 2839 deo,

294 2850 342 2903 ille
351 2866 419 2919 puer
427 2857 489 2904 tota
498 2852 610 2904 domino
620 2852 794 2920 gratissimus
805 2851 878 2915 sula,

330 2927 441 2980 nomine
450 2927 498 2996 qui
507 2927 599 2997 signet
606 2932 899 2998 temporuseruesuo.
