2750 3450
429 350 843 402 neldanmlanuwnla.
870 355 915 403 Xl.
1021 356 1070 406 ²87

274 475 320 528 cui
331 479 424 541 portat
432 476 554 544 gaudens
563 477 665 528 ancilla
674 479 822 545 paropside
832 479 915 532 rubra

311 549 574 618 alecem,sedquau1
585 553 711 618 protinus
718 552 770 603 illa
779 559 868 605 voret:

275 630 324 676 aut
334 639 394 676 enm
404 624 547 691 perfricuit
555 624 682 691 frontem,
693 628 839 694 posuitque
849 629 991 694 pudorem,

312 700 425 751 succida
434 699 550 767 palliolo
561 701 663 752 vellera
674 701 792 768 quinque
802 703 879 768 petit.

273 775 309 825 At
319 789 380 825 mea
389 790 433 826 me
442 775 540 825 libram
551 773 644 825 foliati
655 782 753 842 poscat
762 777 861 841 eunica

313 853 361 900 aut
370 849 471 901 virides
481 864 612 916 gemmas,
621 849 844 917 sardonychasve
853 867 947 918 pares:

274 939 325 975 nec
334 923 389 975 nisi
399 925 487 990 pnima
496 924 564 975 velit
574 925 609 976 de
619 925 711 976 'lilaea
723 924 818 977 Senica
827 927 899 989 vieo,

313 1004 361 1050 aut
371 1005 477 1051 centnm
488 999 626 1062 aureolos,
637 1000 678 1051 sic
686 1000 762 1051 velut
771 1016 844 1063 aera,
854 1008 942 1068 roget.

274 1071 353 1124 Nunc
362 1078 393 1125 tn
402 1074 472 1125 velle
482 1079 562 1140 putas
572 1072 641 1126 haec
650 1090 694 1126 suc
704 1075 770 1126 dare
780 1076 854 1126 dona
865 1075 989 1143 puellael

312 1147 399 1201 Nolo:
413 1148 471 1211 sed,
482 1146 525 1199 his
534 1155 565 1199 nt
574 1149 611 1201 sit
622 1150 707 1217 digna
716 1150 817 1216 puella,
827 1150 901 1203 volo.

389 1256 424 1296 28.
448 1253 488 1296 De
508 1253 685 1308 nephriticn,
706 1255 754 1297 ssd
774 1254 950 1310 phrenetico.

274 1329 378 1381 lnvasit
386 1329 521 1381 medicum
531 1331 591 1381 sica
599 1330 776 1397 nephriticus,
785 1333 880 1396 Ancte,

313 1409 340 1455 et
349 1405 484 1472 praecidit
492 1404 595 1472 Hylan.
620 1406 684 1470 llic,
695 1413 771 1475 puto,
782 1422 865 1459 sanus
875 1413 941 1458 erat.

522 1495 558 1536 as.
582 1492 621 1535 na
640 1492 813 1548 Phyllidem.

273 1567 419 1636 Languida
430 1583 489 1620 cum
499 1567 592 1620 vetula
600 1574 720 1622 tractam
730 1571 823 1622 vicilia
833 1570 929 1623 dextra

311 1643 436 1710 coepisti,
446 1643 557 1711 iugulor
568 1644 677 1710 pollice,
687 1643 790 1712 Phylli,
799 1653 857 1698 tuo.

272 1717 344 1770 Nam
353 1735 414 1771 enm
424 1734 466 1771 me
476 1734 589 1782 murem,
600 1735 660 1770 cum
670 1736 713 1772 me
722 1727 771 1771 tna
780 1720 884 1772 lumine
894 1719 973 1783 dicis,

310 1791 387 1845 horis
396 1809 440 1845 me
449 1794 526 1845 refici
534 1795 580 1845 vix
589 1800 655 1861 puto
666 1811 747 1862 posse
757 1795 858 1847 decem.

271 1868 427 1920 Blanditias
436 1870 538 1921 nescis:
554 1868 986 1932 dah0,dic,tibimilliacenn1m,

309 1950 337 1995 et
347 1944 419 1995 daho
431 1941 519 1995 Setini
528 1945 624 2011 iugera
634 1946 708 1996 culta
718 1945 786 1997 soli:

272 2019 367 2085 accipe
376 2019 448 2082 vina,
459 2019 578 2082 domum,
589 2035 698 2086 pueros,
713 2018 902 2086 chrysendeta,
913 2034 1030 2070 accusas·

309 2092 357 2145 Nil
370 2108 438 2160 opus
448 2098 491 2145 cst
500 2094 610 2162 digitisz
625 2096 666 2146 sic
675 2092 753 2158 mihi,
763 2093 865 2162 Phylli,
874 2093 954 2145 stica.

555 2185 590 2224 8⁰.
613 2181 645 2225 In
662 2171 779 2225 Zoiluhn.

272 2257 310 2309 Os
321 2257 392 2308 male
403 2258 551 2309 causidicis
561 2263 588 2309 et
598 2259 667 2310 dicis
678 2259 752 2311 olere
763 2260 867 2326 poetis:

308 2331 357 2383 sed
367 2330 497 2396 fellatcri,
507 2332 594 2396 Zoile,
605 2334 682 2400 peius
694 2334 758 2385 olet.

531 2422 565 2461 tl.
588 2418 621 2461 ln
640 2419 803 2464 caecilium.

380 2496 477 2547 Atreus
492 2494 630 2546 Caecilius
639 2497 848 2559 cuccurhitarum,

380 2570 421 2621 sic
430 2570 504 2633 illas,
519 2570 599 2636 quasi
609 2570 682 2622 filios
699 2569 847 2637 Thyestae,

379 2645 409 2695 in
418 2650 510 2712 partes
520 2643 624 2695 lacerat
633 2651 762 2713 secatque
771 2647 856 2696 mille.

381 2717 470 2771 Gustu
479 2719 604 2785 protinus
614 2717 663 2771 has
673 2721 738 2771 edes
747 2721 858 2787 inipso,

379 2791 429 2845 has
439 2795 528 2862 prima
537 2792 606 2846 ieret
617 2795 738 2846 alterave
749 2810 844 2860 coena,

379 2866 811 2937 hasccenatihitertiarepcnet
