2750 3450
418 416 733 473 Epmssnmmarum
766 416 833 462 mn.
863 415 883 459 l,
1015 410 1047 461 ll

265 540 429 608 {optegitur
439 541 493 591 cito
504 546 584 606 rapta
594 541 651 600 arria
661 538 771 590 Antulla
781 538 906 604 sepulcro
916 555 922 586 :

290 613 345 667 hoc
355 615 408 666 erit
417 615 542 666 Antullae
553 615 654 665 mixtus
664 621 778 680 uterque
788 629 894 680 pareus.

265 689 284 742 li
295 691 372 757 cupit
380 688 451 741 hunc
460 689 571 754 aliquia,
580 703 688 751 moneo,
700 705 733 739 ne
744 694 834 754 speret
848 689 979 755 agellum:

290 770 423 832 perpetuo
435 765 553 816 dominis
568 764 668 815 serviet
676 763 806 815 internis.

511 888 557 928 118.
582 885 613 926 lu
633 885 794 939 Lupercum.

347 978 474 1031 Occurris
484 979 601 1046 quoties,
612 978 745 1044 Luperca,
755 978 849 1029 uobis:

345 1053 388 1104 vis
397 1054 503 1105 mittam
513 1069 634 1120 puerum,
644 1053 760 1105 subinde
770 1052 849 1114 dieis,

347 1128 392 1178 cui
400 1128 495 1179 tradas
507 1129 723 1195 epigrammaton
736 1126 868 1189 libellum,

347 1202 447 1253 lectum
458 1218 536 1270 quem
546 1202 599 1253 tibi
608 1204 734 1269 protinus
744 1201 896 1253 remittaml

344 1275 371 1328 N
373 1291 409 1328 on
418 1282 468 1341 eat,
478 1278 552 1344 quod
562 1293 683 1345 puerum,
694 1277 826 1342 Luperca,
836 1293 933 1329 vexes:

345 1350 457 1420 longum
467 1359 517 1415 eat,
529 1354 553 1403 ri
562 1353 628 1403 velit
638 1353 673 1404 ad
683 1351 784 1418 Pyrum
794 1353 902 1414 venire3

346 1431 375 1478 et
385 1427 468 1478 scalis
478 1424 573 1478 habito
584 1428 680 1490 tribue,
695 1427 743 1478 sed
753 1427 826 1478 altis.

346 1499 429 1562 Quod
438 1503 556 1568 quaeris,
569 1501 682 1569 propius
693 1509 770 1568 petar
780 1501 883 1554 licebit.

344 1575 410 1644 Argi
421 1591 517 1643 nempe
527 1577 600 1628 soles
610 1577 702 1629 subire
712 1576 803 1627 letum.

347 1651 450 1703 Contra
461 1651 588 1703 Caesaris
599 1660 641 1703 est
649 1650 739 1702 lorum
749 1652 873 1714 taberna,

347 1728 458 1793 seriptis
466 1728 592 1794 postibus
602 1726 667 1779 hine
675 1733 703 1778 et
711 1727 776 1778 inde
785 1727 862 1789 totis,

337 1817 442 1853 ,omnes
451 1809 483 1854 ut
493 1803 548 1854 cito
559 1802 685 1869 perlegas
695 1808 801 1869 poetae.

347 1876 426 1929 llline
435 1892 478 1928 me
488 1883 563 1945 pete3
574 1893 607 1928 ne
618 1891 699 1944 roger
709 1877 859 1927 Atrectum:

346 1949 401 2003 hoe
409 1967 508 2004 nomen
519 1952 646 2003 domiuus
656 1952 728 2019 gerit
736 1951 879 2002 tabernae:

348 2027 382 2079 tle
400 2028 489 2094 primo
500 2027 586 2088 dabit,
598 2027 719 2078 alterove
729 2027 804 2088 nido,

347 2102 565 2168 resumpturum,
576 2116 749 2169 purpuraque
763 2102 863 2152 cultum

348 2176 468 2229 denariis
477 2177 530 2227 tibi
540 2178 658 2244 quinque
667 2176 832 2228 Martialem.

347 2251 431 2303 Tanti
440 2265 496 2304 non
506 2267 544 2315 ea,
556 2250 614 2302 aial
634 2250 724 2318 Sapie,
735 2251 868 2318 Luperce.

487 2377 533 2417 llll.
557 2373 599 2416 nu
619 2372 821 2417 Caecilianum.

265 2466 307 2521 >ul
317 2466 421 2535 legisse
432 2468 500 2518 satis
511 2482 565 2518 unn
577 2474 619 2518 est
628 2468 828 2534 epigrammata
838 2471 954 2528 nentrum,

290 2541 333 2595 all
342 2541 385 2593 llli
396 2542 465 2594 eatis
475 2549 525 2605 eet,
536 2542 702 2605 Caeciliano,
716 2541 792 2591 mali.

557 2788 751 2817 manau—n·-
