2750 3450
298 358 349 411 aot
589 359 799 409 maurianis
891 340 896 349 '

297 483 369 537 Ecce
380 499 472 552 negas,
482 482 612 551 iurasque
621 482 691 536 mihi
699 477 748 551 p'er
758 483 863 550 templa
873 485 1020 538 Tonantis.

335 559 398 612 Non
409 558 507 611 credor
520 559 591 623 iura,
601 574 692 626 verpe,
702 574 752 626 per
760 558 934 612 Anchialum.

566 667 600 707 ⁹⁵.
625 662 666 705 Ad
685 662 824 707 Flaeen.

252 762 264 783 ο
272 738 430 801 eJucideris
441 742 549 809 quoties
557 742 587 792 iu
596 741 677 793 basia
686 741 854 804 fellatorum,

334 816 364 868 lu
374 815 447 868 solio
457 822 524 883 puto
535 822 563 868 te
571 831 703 885 mergere,
712 816 821 880 Flacco,
832 822 925 884 caput.

550 908 584 949 eo.
609 905 649 947 eid
669 904 839 949 Germanou.

296 980 409 1046 Martia,
420 997 475 1033 non
486 979 604 1044 Rhenus,
616 982 681 1033 salit
690 980 744 1044 hic,
756 980 905 1033 Germane:
916 981 983 1049 quid
993 981 1090 1045 obstas,

335 1062 362 1108 et
372 1072 485 1124 querum
494 1055 625 1124 prohibes
636 1058 731 1109 divitis
739 1057 828 1108 imbre
837 1056 933 1108 locust

296 1131 428 1195 Barbare,
438 1148 494 1184 uon
505 1132 593 1196 debet,
604 1132 732 1184 submoto
743 1133 812 1196 cive,
822 1133 951 1186 ministro

335 1208 471 1273 captivam
481 1208 581 1259 victrix
591 1208 665 1259 unda
674 1207 766 1259 levare
776 1207 861 1258 sitim.

540 1298 574 1339 lt.
599 1295 630 1337 ln
650 1293 853 1340 Thalesillen.

297 1371 358 1425 Una
367 1377 448 1424 nocte
459 1378 555 1439 quater
564 1387 690 1439 possum:
705 1372 754 1424 sed
765 1378 884 1439 quatuor
896 1373 977 1424 aunis

334 1448 359 1499 si
369 1462 490 1514 possum,
500 1463 619 1514 peream,
629 1454 657 1498 tc
668 1446 819 1499 'l'helesilla
828 1447 923 1519 semel.

573 1540 607 1579 98.
632 1536 670 1579 Ad
691 1536 814 1579 Bassum.

351 1610 480 1680 Effugere
489 1628 545 1664 non
555 1618 606 1677 est,
617 1612 714 1678 Basse,
724 1612 889 1667 basiator-cs.

351 1687 465 1753 Instant,
477 1694 628 1755 morantur,
637 1694 844 1757 persequuntur,
855 1677 1013 1755 o'ccurrunt,

352 1770 380 1817 et
388 1762 460 1828 hinc,
471 1770 499 1815 et
507 1764 594 1829 illinc,
606 1779 809 1832 usquequaque,
819 1779 991 1833 quacunque.

351 1839 415 1892 Non
424 1840 501 1891 ulcus
513 1854 584 1903 aere,
595 1840 755 1908 pustulacve
765 1837 896 1905 lucentes,

351 1930 402 1967 nec
411 1916 489 1965 triste
499 1921 627 1979 mentum,
637 1915 798 1982 sordidique
807 1912 939 1981 lichenes,

352 2006 402 2041 nec
411 1990 490 2040 labra
499 1990 595 2057 pingui
605 1989 729 2041 delibuta
739 1994 843 2054 ceroto,

351 2082 402 2116 nec
412 2065 550 2132 congelati
561 2070 638 2133 gutta
648 2065 773 2131 proderit
781 2066 852 2116 nasi.

351 2140 388 2191 Et
397 2145 565 2191 aestuantem
576 2140 696 2204 basiant,
707 2148 735 2191 et
744 2140 888 2209 algentem,

265 2256 271 2272 .
351 2222 379 2267 et
387 2216 509 2283 nuptiale
519 2216 626 2267 basium
637 2221 829 2267 reservantem.

352 2290 414 2343 Non
424 2297 452 2343 te
463 2290 576 2343 cucullis
587 2296 692 2343 asseret
701 2296 785 2359 caput
793 2297 903 2357 tectum,

353 2368 453 2419 lectica
462 2382 513 2417 nec
522 2371 550 2417 te
559 2371 619 2418 tuta
628 2366 701 2433 pelle
710 2367 835 2433 veloque,

352 2457 402 2494 nec
411 2442 564 2494 vindicabit
574 2442 644 2493 sella
653 2443 764 2510 saepius
775 2443 859 2493 elusa.

352 2517 446 2569 Rimas
456 2532 505 2585 per
515 2532 609 2569 omncs
621 2518 746 2569 basiator
757 2518 880 2568 intrabit

351 2591 414 2644 Non
425 2593 583 2645 consulatus
593 2595 662 2660 ipse,
672 2607 728 2645 non
738 2592 903 2656 tribunatus,
926 2584 929 2593 '

351 2669 481 2736 saevique
491 2667 590 2732 fasces,
601 2684 651 2722 nec
659 2667 779 2734 superba
789 2666 905 2718 clamosi

351 2742 458 2794 lictoris
469 2743 563 2811 abiget
570 2744 649 2811 virga
661 2742 838 2795 basiatorem.

352 2815 455 2870 Sedeas
464 2818 494 2869 in
505 2818 562 2870 alto
572 2823 604 2869 tu
612 2819 678 2870 licet
687 2816 829 2880 tribunali,

352 2899 403 2945 ete
414 2892 503 2945 curuli
512 2893 574 2947 iura
582 2892 709 2967 gentibus
719 2892 833 2947 reddas:
