2750 3450
307 352 357 403 22²
598 349 811 398 mnam-nnis

581 474 615 513 25.
640 470 682 512 Ad
699 470 822 513 eundem.
911 482 915 487 ·

310 537 377 599 Quis
388 535 542 586 Pallatincs
550 535 673 586 imitatum
681 534 801 601 imagine
810 532 901 585 vultus

345 609 506 660 Phidiacum
517 608 746 661 Latiumacmcre
755 609 823 659 vicit·
832 605 915 659 eburi

309 685 386 736 Haec
395 685 490 735 mundi
499 684 598 746 faciem
611 682 680 735 haec
690 688 753 734 sunt
762 682 1009 734 leuismnaserenix

346 761 387 811 sic
394 764 474 811 tonat
483 759 531 810 ille
541 759 616 821 deus,
628 773 687 808 cum
698 758 757 808 sine
765 758 836 808 nube
845 761 934 808 tonat.

309 833 372 887 Non
385 834 472 885 sclam
482 834 579 885 tribuit
587 833 679 884 Pallas
689 833 751 894 tibi,
761 832 839 894 Care,
850 845 997 882 coronans

347 910 463 978 effigiem
476 909 589 971 domini,
601 923 681 974 quam
695 907 773 970 colis,
782 905 926 957 iliadedit.

600 997 635 1037 26.
654 994 686 1036 ln
705 993 808 1036 aarum.

310 1056 427 1111 Dantem
437 1058 501 1115 vina
509 1063 587 1108 tuum
596 1057 703 1123 quoties
714 1056 869 1121 aspeximus
878 1054 1004 1122 Hyllum,

347 1132 447 1182 lumine
456 1147 516 1196 nos,
527 1131 762 1194 Afer,.tunhidicre
775 1136 864 1181 notas.

312 1206 406 1270 Quod,
421 1221 504 1273 roge,
520 1207 595 1273 qimd
604 1206 694 1257 scelus
703 1210 757 1268 est,
770 1205 881 1256 mollem
891 1210 1017 1270 spectare
1026 1207 1060 1259 mi

799 1277 900 1330 strumi

347 1356 500 1421 Aspicimus
511 1355 606 1417 solam,
616 1355 717 1417 sidera,
727 1354 837 1420 templa,
848 1354 924 1405 deos.

311 1430 438 1482 Avertam
448 1430 547 1492 vultus,
556 1435 687 1495 tanquam
697 1427 764 1479 mihi
774 1429 874 1495 pocula
885 1427 1001 1496 Gorgon

348 1506 480 1573 porrigat,
491 1510 572 1570 atque
584 1503 679 1556 oculos
690 1519 793 1570 eraque
802 1509 898 1554 nocua
905 1504 1016 1571 tegami

256 1590 260 1598 ·
313 1580 388 1630 Trux
399 1585 458 1630 erat
466 1579 588 1631 Alcides:
602 1579 651 1630 sed
661 1578 763 1644 Hylam
778 1583 901 1644 spectare
911 1578 1023 1630 licebat.

349 1653 457 1706 Ludere
467 1654 603 1706 Mercurio
616 1669 674 1704 cum
688 1652 847 1720 Ganymede
856 1652 931 1704 licet.

313 1729 344 1782 Si
353 1746 408 1781 non
417 1731 459 1781 vis
469 1736 579 1782 teneros
588 1735 693 1795 spectet
702 1730 818 1780 conviva
827 1728 983 1782 ministros:

350 1803 467 1857 Phineas
476 1806 585 1869 invites,
593 1804 666 1867 Afer,
676 1815 705 1855 et
714 1803 880 1869 Oedipodas.

599 1896 633 1936 at.
656 1892 696 1934 De
714 1890 813 1934 Nom

312 1958 401 2010 Audet
409 1958 528 2012 facunde
540 1960 586 2026 qni
597 1960 719 2010 carmina·
727 1958 834 2008 niittere
843 1955 960 2019 Nervae,

351 2033 460 2085 Pallida
470 2034 584 2086 donabit
594 2034 712 2100 glaucia,
723 2032 830 2094 Cosme,
838 2032 904 2093 tibi3

314 2107 449 2159 Paestano
459 2109 559 2170 violas,
568 2115 595 2158 et
605 2124 674 2159 cana
683 2108 799 2174 ligustra
809 2107 919 2168 colono,

350 2181 486 2249 Hyblaeis
497 2183 593 2249 apibus
599 2182 713 2234 Corsica
723 2182 804 2232 mella
814 2181 900 2232 dabit.

314 2256 368 2308 Sed
378 2263 469 2307 tamen
479 2262 507 2308 et
516 2273 615 2323 parvae
625 2257 757 2309 nonnulla
767 2261 808 2307 est
816 2257 907 2323 gratia
915 2254 1028 2307 Musae:

353 2334 490 2398 appetitur
498 2332 590 2399 posito
601 2332 664 2383 vilis
675 2332 751 2383 oliva
760 2332 834 2397 lupo.

314 2405 372 2457 Nec
381 2407 433 2457 tibi
443 2408 480 2457 sit
489 2407 595 2470 mirum,
606 2406 709 2458 modici
720 2406 792 2472 quod
805 2405 916 2456 conscia
925 2406 999 2455 vatis

350 2482 480 2532 iudicium
491 2487 593 2534 metuat
602 2487 697 2533 nostra
707 2479 808 2530 Thalia
815 2486 900 2530 tuum.

315 2554 375 2621 lpse
384 2561 446 2607 tuas
457 2557 538 2607 etiam
549 2557 650 2608 veritus
659 2555 733 2606 Nero
744 2556 845 2605 dicitur
854 2569 943 2616 aures,

351 2630 483 2682 lascivum
492 2632 598 2684 iuvenis
608 2647 668 2682 cum
677 2630 730 2681 tibi
739 2629 806 2680 lusit
816 2645 893 2695 opus.

574 2723 609 2761 28·
632 2717 664 2760 ln
685 2716 839 2759 Circeium.

354 2781 419 2832 Cum
430 2782 575 2849 depilatus,
588 2782 708 2843 Chreste,
719 2783 812 2835 coleos
822 2786 923 2849 portes,

353 2863 379 2907 ct
389 2856 525 2908 vulturino
536 2858 680 2909 mentulam
691 2872 782 2922 parem
794 2857 877 2915 collo,
