2750 3450
449 372 769 421 EPIGRAMMATUM
796 374 864 421 ulli.
891 374 911 419 l.
1043 372 1075 420 27

284 468 385 551 incidit
393 499 423 549 in
432 497 751 564 dammas‚·luvenemque
760 502 862 558 secuta,
875 497 971 549 relicto

324 575 449 641 coniuge,
459 572 597 638 Penelope
606 573 688 634 venit,
700 571 758 623 abit
770 570 881 622 Helene.

561 679 594 720 ⁶4.
618 675 658 718 Ad
675 674 807 718 Celerem.

286 770 324 820 Ut
331 770 443 820 recitem
453 770 505 822 tibi
514 775 609 821 nostra
618 784 701 836 rogas
711 769 915 834 epigrammata.
939 767 1021 821 Nolo.

323 843 386 896 Non
396 845 500 909 audire,
512 844 598 908 Celer,
608 845 655 895 red
666 843 781 894 iecitere
792 843 876 908 cupis.

451 961 485 1002 65.
509 958 551 1000 Ad
565 955 712 1000 Fabullum
728 957 914 998 ambitiosam.

333 1056 335 1061 ’
359 1050 491 1114 Bellaes3
511 1053 648 1102 novimus:
668 1056 695 1102 et
704 1049 810 1116 puella3
829 1064 921 1100 verum
931 1055 984 1100 est:

361 1131 389 1176 et
399 1126 488 1187 nivem
509 1126 570 1192 quie
580 1126 650 1176 enim
660 1131 753 1191 potest
764 1123 879 1191 negaret

360 1199 414 1250 Sed
425 1200 488 1250 dum
497 1205 525 1251 te
534 1201 655 1262 nimium,
665 1199 790 1261 Fabulla,
805 1199 911 1259 laudae,

359 1274 505 1337 receives,
515 1289 601 1340 neque
610 1274 692 1337 bella,
702 1289 753 1324 nec
761 1273 854 1340 puella
863 1287 901 1322 es.

286 1399 321 1439 66.
332 1395 373 1436 Ad
385 1394 589 1444 Caecilianum,
600 1395 780 1447 degenereet
790 1392 983 1436 declinatione
994 1393 1070 1437 ficus

288 1488 356 1539 Cum
367 1488 434 1550 diui,
447 1487 522 1551 dour,
531 1489 605 1539 rideo
615 1489 693 1554 quasi
704 1487 823 1538 barbara
831 1487 924 1548 verba,

326 1568 353 1613 et
363 1563 427 1624 dici,
438 1563 514 1625 licos,
525 1562 689 1625 Caeciliam,
699 1561 784 1613 iubes.

287 1637 419 1688 Dicemus
429 1637 505 1699 licus,
516 1652 583 1704 quas
594 1637 694 1687 ecimus
703 1636 733 1686 in
743 1634 841 1686 arbore
852 1637 942 1686 nascit

327 1712 447 1763 dicemus
457 1712 534 1775 ficos,
545 1711 710 1773 Caeciliam,
719 1715 792 1761 tuos.

474 1819 508 1859 li'l.
539 1816 578 1857 nd
593 1816 682 1858 furem
699 1815 731 1857 de
746 1813 821 1856 libro
836 1827 892 1856 ruo.

362 1909 454 1972 Erras,
464 1923 586 1959 meorum
594 1906 638 1960 fur
647 1922 729 1959 avere
739 1907 879 1971 librorum,

361 1984 420 2034 lieri
431 1989 540 2049 poetam
550 1997 632 2049 poree
644 1983 691 2049 qui
701 1987 781 2048 putas
790 1981 869 2043 tanti,

361 2059 496 2124 scriptura
507 2057 601 2124 quanti
612 2063 726 2119 constet,
737 2061 764 2107 et
773 2062 863 2106 tomus
872 2056 944 2108 vilio.

361 2131 423 2183 Non
433 2147 481 2182 sex
491 2137 603 2196 paratur
613 2138 660 2181 aut
670 2133 762 2183 decem
773 2130 856 2185 σοφῶς
866 2132 991 2182 nummis.

363 2205 474 2258 Secreta
484 2220 583 2272 quaere
594 2207 723 2267 carmina,
736 2211 764 2256 et
772 2208 853 2259 ruder
864 2220 953 2268 curas,

362 2296 430 2348 quas
440 2282 517 2332 novit
525 2295 602 2343 unus,
613 2281 768 2346 scrinioque
781 2284 903 2349 signatae

363 2355 484 2405 custodit
492 2355 552 2420 ipse
562 2354 675 2421 virginio
685 2361 764 2422 pater
774 2356 897 2414 chartam

362 2443 431 2495 quae
440 2430 507 2479 trita
519 2428 587 2479 duro
597 2444 653 2479 non
662 2427 799 2481 inhorruit
808 2436 908 2481 mento.

361 2503 470 2554 Mutare
480 2503 618 2553 dominum
629 2518 684 2554 non
694 2509 785 2569 potest
801 2505 871 2555 liber
880 2508 970 2553 notus.

363 2576 415 2628 Sed
426 2578 566 2643 pumicata
575 2577 665 2628 fronte
676 2578 700 2628 si
711 2580 772 2644 quis
782 2585 824 2629 est
833 2577 961 2637 nondum,

349 2644 411 2704 'nec
419 2652 558 2703 umbilicis
569 2652 665 2713 cultus,
677 2657 758 2717 atque
771 2653 939 2703 membrana:

361 2741 482 2776 mercare
492 2726 561 2776 tales
573 2726 652 2787 adeo,
662 2741 713 2777 uec
723 2727 791 2777 sciet
801 2728 952 2792 quisquam.

361 2801 459 2851 Aliena
474 2801 596 2866 quicquic
607 2801 714 2862 recitat,
725 2806 753 2851 et
763 2802 830 2867 petit
839 2800 950 2859 famam,

362 2891 417 2926 non
428 2889 516 2926 emere
526 2876 634 2939 librum,
644 2875 693 2926 red
703 2875 842 2927 silentium
852 2874 943 2927 delict.
