2750 3450
608 384 822 431 nrsnrmnis

411 509 476 574 qnid
487 507 597 558 thermis
610 509 706 558 melius
716 507 906 558 Neronianis!

410 583 472 634 Non
484 585 559 633 deest
568 584 703 649 protinus,
714 598 790 643 ecce,
804 582 840 632 de
850 583 998 651 malignis,

411 660 457 724 qui
472 660 512 708 sic
526 658 668 708 rancidulo
679 658 809 722 loquatur
821 672 884 709 ore:

411 731 492 798 quidl
506 738 536 781 tu
546 738 588 781 tot
598 733 701 781 domini
719 731 817 797 deique
827 732 922 782 nostri

410 807 531 872 praefers
543 807 698 856 muneribus
709 805 904 857 Neronianas?

409 881 542 932 Thermas
558 881 681 947 praefero
693 881 799 931 balneis
814 881 937 932 cinaedi.

575 990 608 1028 35.
634 987 674 1026 Ad
697 986 853 1027 laetaniam.

318 1065 434 1131 inguina
445 1064 597 1114 succinctus
608 1063 687 1128 nigra
697 1062 748 1113 tibi
759 1077 853 1112 servus
865 1062 946 1113 aluta

356 1145 419 1201 stat,
434 1139 541 1204 quoties
553 1137 650 1188 calidis
659 1143 721 1186 tota
730 1136 833 1187 foveris
844 1139 936 1203 aquis.

319 1214 373 1265 Sed
384 1229 472 1274 mens,
487 1218 517 1263 ut
527 1212 560 1262 de
571 1228 612 1261 me
622 1218 738 1273 taceam,
749 1211 881 1274 Lemnia,
893 1207 995 1265 servus

355 1288 485 1340 iudaeum
495 1288 572 1337 nulla
582 1287 631 1337 sub
642 1293 703 1337 cute
713 1287 820 1352 pondus
831 1284 926 1338 babet

318 1364 353 1413 Et
363 1363 428 1413 nudi
438 1368 527 1412 tecum
537 1364 700 1428 iuvenesque
711 1376 842 1427 senesque
852 1362 996 1415 lavantur.

356 1439 395 1490 dn
407 1437 468 1488 sola
478 1443 520 1487 est
529 1439 600 1487 servi
611 1437 731 1487 mentula
740 1452 806 1487 vera
815 1436 873 1487 tuit

320 1513 426 1579 Ecquid
436 1511 570 1562 femineos
581 1513 712 1577 sequeris,
723 1518 858 1575 matrona,
869 1512 1019 1565 recessus!

356 1593 529 1653 secretusque
539 1592 595 1648 tua,
608 1602 702 1649 cnunc,
715 1587 818 1638 lavaris
830 1586 922 1654 aquai

587 1695 621 1735 36.
643 1692 682 1734 Ad
703 1690 829 1735 Stellam.

320 1787 386 1838 Cum
397 1788 505 1852 pluvias
516 1788 709 1853 niudidumque
720 1786 811 1838 lovem
822 1786 946 1853 perferre
957 1792 1074 1857 negaret,

357 1869 384 1912 et
393 1863 468 1914 rudis
479 1861 599 1913 hibernis
610 1863 676 1913 villa
687 1868 795 1912 nataret
809 1864 903 1928 oqnis3

320 1938 446 2004 plurima,
458 1954 527 2003 qnae
539 1944 634 2003 posset
643 1937 749 1987 subitos
760 1936 901 1987 effundere
911 1937 1034 2002 nimbos,

358 2013 512 2062 muneribus
523 2013 597 2062 venit
610 2013 703 2078 tegula
715 2013 800 2062 missa
808 2013 872 2062 tuis.

319 2087 465 2149 Horridus,
478 2102 548 2148 ecce,
564 2094 644 2137 sonat
653 2087 761 2137 Boreae
771 2088 890 2138 stridore
902 2087 1066 2140 December:

357 2161 451 2225 Stella,
463 2162 533 2227 tegis
545 2162 647 2223 villam,
663 2178 718 2212 non
728 2163 798 2228 tegis
809 2163 973 2229 agricolam.

491 2287 525 2325 st.
550 2284 590 2325 :ld
610 2284 780 2332 Canticum,
801 2284 833 2325 sle
855 2283 944 2327 tliets.

320 2378 400 2430 Nosti
412 2377 580 2429 mortiferum
593 2379 757 2444 quaestoris,
771 2377 903 2441 castrice,
919 2378 1047 2446 signumi

357 2460 399 2503 est
413 2455 637 2518 operaepretium
649 2454 754 2503 discere
763 2451 839 2503 theta
849 2468 961 2503 novum.

255 2517 258 2525 ’
320 2528 492 2593 Exprimeret
502 2529 609 2593 quoties
619 2534 757 2578 rorantem
767 2527 871 2594 frigore
880 2543 990 2593 nasum,

357 2603 466 2652 letalem
477 2604 564 2669 iuguli
578 2604 696 2653 iusserat
707 2619 766 2653 esse
776 2609 879 2653 notam.

321 2678 421 2742 Turpis
433 2678 466 2727 ab
478 2678 566 2728 inviso
578 2678 715 2743 pendebat
723 2679 803 2728 stiria
812 2693 891 2740 naso,

357 2768 416 2802 cnm
428 2750 508 2802 llaret
516 2754 628 2805 madida
637 2752 718 2804 fauce
727 2752 877 2804 December
888 2758 980 2805 atrox.

308 2828 444 2898 Collegae
457 2836 573 2885 tenuere
584 2849 697 2885 manns.
729 2829 809 2892 noia
819 2825 1051 2893 plurareuuu'xst

329 2905 463 2980 Enrrmgi
475 2912 598 2979 misero,
612 2910 761 2970 Castrice,
775 2898 940 2957 nonnemo
