2750 3450
415 435 731 486 EPIGRAMMATUM
762 440 831 487 LlB.
858 440 878 487 1.
1010 440 1042 491 37

261 559 341 627 leque
351 559 443 611 decem
454 560 544 628 plures
554 576 659 628 temper
671 567 813 614 servantur
823 562 925 626 olivac;

292 634 412 700 explicat
421 639 448 685 ct
457 650 557 686 coenas
566 637 647 686 unica
656 651 750 687 mensa
760 636 841 700 duaa3

261 714 281 760 et
289 706 435 758 Veientani
444 709 547 759 bibitur
556 708 619 760 faex
629 725 722 761 crassa
731 710 843 774 rubelli3

290 797 353 833 asse
363 783 434 833 cicer
442 783 563 849 tepidum
575 789 690 847 constat,
701 790 728 836 et
738 799 798 836 acue
808 783 908 837 Venus.

261 856 283 907 ln
292 857 345 919 ius,
357 871 373 907 o
384 855 470 907 fallax
481 863 562 923 atque
571 857 718 922 inficiator,
728 874 834 923 eampo:

290 931 415 994 autrive,
427 937 474 982 aut
484 932 582 995 decies,
594 931 736 994 Scaevola,
745 932 828 983 redde
843 933 909 986 dein.

499 1049 546 1087 2⁰5.
570 1045 610 1089 Dc
625 1043 798 1101 spectaculo.

363 1119 441 1173 Picto
453 1122 525 1188 quod
535 1122 600 1189 iuga
610 1122 729 1174 delicata
738 1123 811 1174 collo

362 1197 464 1263 pardus
474 1197 596 1260 sustinet,
606 1197 802 1264 inprobaeque
810 1197 895 1265 tigres

363 1270 504 1337 indulgent
512 1272 671 1336 patientiam
681 1272 806 1339 flagello:

364 1346 488 1395 mordent
497 1360 579 1397 aruea
590 1346 663 1412 quod
673 1347 768 1413 lupata
778 1347 860 1410 cerri,

365 1418 438 1485 quod
448 1419 531 1471 frenis
540 1419 640 1487 Libyci
650 1422 795 1474 domantur
803 1422 869 1485 urai,

363 1498 392 1544 et
401 1500 528 1559 quantum
542 1495 667 1562 Calydon
675 1496 772 1549 tulisse
780 1495 875 1558 fertur,

364 1575 442 1634 paret
451 1571 591 1634 purpureis
602 1585 667 1637 aper
677 1571 816 1637 capistris:

364 1649 456 1708 turpes
466 1643 562 1694 esseda
574 1643 646 1710 quod
655 1643 767 1695 trahunt
775 1644 906 1708 bisontes,

365 1724 393 1768 et
403 1716 499 1769 molles
510 1718 575 1769 dore
583 1719 660 1770 iussa
669 1718 742 1785 quod
753 1716 866 1771 choreas

364 1792 443 1858 nigro
453 1791 545 1843 bellua
554 1792 592 1843 nil
603 1799 685 1860 negat
693 1794 840 1861 magistrer

365 1867 425 1932 quis
435 1866 591 1932 spectacula
600 1881 655 1918 non
664 1873 741 1934 putet
751 1865 878 1919 deornm?

365 1940 442 1991 llaec
451 1943 550 1991 mansit
558 1947 657 2004 tamen,
668 1948 699 1993 ut
708 1942 823 2005 minora,
835 1942 957 2009 quisquis

364 2020 477 2065 venatur
487 2014 601 2067 humiles
610 2016 685 2067 videt
694 2016 812 2081 leonum,

366 2104 434 2155 quor
444 2090 525 2141 velox
533 2089 654 2157 leporum
666 2092 750 2142 timor
758 2090 866 2159 fatigat.

364 2163 520 2228 Dimittunt,
530 2170 661 2230 repetunt,
675 2171 819 2233 amantque
829 2173 934 2233 captor,

365 2243 393 2289 et
402 2239 523 2290 securior
532 2245 573 2291 est
581 2240 610 2290 in
621 2256 668 2291 ore
677 2242 793 2307 praedo3

365 2312 445 2363 laxos
455 2314 498 2363 oui
509 2314 574 2364 dare
583 2316 745 2381 perviosque
755 2316 840 2366 rietus

365 2387 492 2454 gaudent,
503 2393 530 2438 et
538 2388 650 2440 timidos
659 2394 750 2440 tenere
761 2389 867 2451 denteu3

366 2461 476 2513 mollem
488 2460 612 2528 frangere
622 2461 684 2514 dum
695 2463 780 2531 pudet
787 2462 925 2529 rapinam:

366 2536 460 2586 ruatis
473 2551 532 2587 cum
544 2536 627 2587 modo
637 2537 760 2588 venerint
768 2536 898 2588 iuvencis.

365 2609 444 2661 llaec
454 2610 597 2662 clementio
606 2618 784 2678 conparatur
796 2616 863 2674 crte,

365 2683 413 2735 ced
425 2692 525 2736 norunt
535 2685 579 2735 cui
588 2686 707 2736 serviant
715 2684 817 2737 leones.

519 2800 567 2839 roo.
592 2797 631 2839 aa
647 2797 781 2840 ovilium.

261 2874 283 2925 in
294 2872 484 2937 Nomentanis,
496 2873 587 2938 Ovidi,
598 2874 670 2942 quod
680 2874 802 2927 nascitur
811 2874 901 2944 agric,
1007 2901 1014 2942 ².

290 2948 513 3012 accepitquotieu
523 2953 650 3021 tempora
660 2953 750 3027 longa
758 2969 882 3020 merium,
1007 2847 1084 3043 Ἰ
