2750 3450
452 366 774 416 Erlouumlunrum
797 366 872 416 ΗΒ.
892 365 936 413 IX.
1046 365 1095 417 237

228 484 230 495 '
297 491 361 545 Non
371 491 459 542 nostri
469 489 582 555 faciunt,
591 496 640 542 tue
650 492 725 558 quod
734 493 785 543 tibi
795 498 916 560 tempora
932 489 1053 555 sordent,

336 566 385 618 sed
396 564 501 616 faciunt
509 581 608 628 mores,
620 565 784 630 caeciliane,
794 568 843 617 tui.

513 673 547 711 l2.
571 670 610 712 De
629 668 711 713 leone
730 676 758 714 et
776 673 875 714 ariete.

298 763 417 829 Massyli
427 763 471 814 leo
482 761 557 813 fama
565 763 632 829 iugi,
642 764 805 830 pecorisque
815 765 931 815 maritus

336 838 461 904 lanigeri,
473 838 579 900 mirum,
591 853 644 903 qua
654 839 745 888 coiere
755 838 816 888 lide.

298 913 360 980 lpse
370 913 435 962 licet
443 912 546 974 videas,
559 927 642 962 cavea
652 912 823 963 stabulantur
832 913 862 962 in
874 928 938 974 una,

336 992 364 1038 et
373 987 476 1052 pariter
486 987 577 1037 socias
588 987 677 1052 carpit
685 991 798 1053 uterque
810 987 902 1053 dapes.

298 1060 356 1114 Nec
366 1060 442 1112 foetu
452 1076 590 1113 nemorum
601 1051 729 1127 gaudent,
739 1077 790 1112 uec
802 1061 913 1111 mitibus
923 1059 1030 1112 herbis:

337 1135 500 1187 concordem
510 1137 594 1186 satiat
604 1135 652 1185 sed
662 1136 738 1186 rudis
750 1151 821 1202 agna
829 1135 938 1186 famem.

300 1209 374 1272 Quid
383 1209 482 1260 meruit
490 1214 579 1260 terror
587 1208 712 1273 Nemees,
723 1211 788 1276 quid
797 1210 924 1276 proditor
932 1209 1037 1274 Helles,

335 1290 367 1335 ut
376 1285 481 1335 niteant
491 1283 557 1335 celsi
567 1284 659 1335 lucida
668 1285 747 1351 signa
756 1284 831 1350 polii

299 1357 398 1410 Sidera
407 1359 431 1409 si
440 1363 553 1424 possent
562 1359 732 1426 pecudesque
742 1358 870 1426 feraeque
880 1359 991 1424 mereri3

335 1431 382 1484 bic
393 1433 464 1484 aries
475 1432 563 1496 astris,
574 1430 619 1484 hic
628 1434 672 1486 leo
684 1434 782 1502 dignus
792 1439 859 1485 erat.

568 1541 603 1580 13.
626 1539 666 1581 Διὶ
685 1539 821 1581 Liberum.

298 1631 392 1695 Liber,
401 1631 550 1698 Amyclaea
559 1630 675 1683 frontem
685 1633 784 1683 vittate
794 1648 906 1696 corona,

337 1707 384 1774 qui
395 1708 484 1774 quatis
493 1707 615 1759 Ausonia
624 1707 738 1759 verbera
749 1705 834 1758 Graia
843 1724 934 1773 manu,
1101 1676 1125 1748 -·

300 1782 395 1833 clausa
403 1780 470 1832 mihi
479 1787 554 1834 texto
567 1797 626 1833 cum
636 1782 754 1848 prandia
762 1783 863 1833 vimine
872 1784 974 1846 mistas,

337 1872 384 1908 cur
394 1857 526 1907 comitata
536 1857 620 1924 dapes
629 1857 706 1907 nulla
715 1857 814 1925 lagena
823 1856 913 1908 ueniti

298 1931 381 1998 Atqui
393 1931 476 1998 digna
485 1936 533 1982 tuo
545 1932 570 1982 si
579 1932 688 1983 nomine
699 1947 811 1983 munera
820 1931 914 1994 ferres,

336 2006 400 2068 scis,
409 2011 485 2072 puto,
497 2006 639 2058 debuerint
653 2005 799 2074 quaemihi
810 2007 882 2058 dona
892 2007 962 2060 dari.

576 2115 610 2153 ts.
635 2111 665 2153 ln
684 2117 814 2155 sutorem.

298 2202 434 2255 Dentibus
445 2205 571 2271 antiquas
581 2206 679 2257 solitus
692 2207 842 2272 producere
851 2207 946 2272 pelles,

337 2282 365 2328 et
373 2279 497 2330 mordere
507 2279 565 2331 luto
575 2286 653 2346 putre
663 2287 793 2348 vetusque
803 2281 901 2344 solum,

298 2351 477 2404 Praenestina
486 2360 561 2405 tenes
571 2355 678 2421 decepti
687 2370 772 2422 regna
783 2358 901 2420 patroni,

335 2428 366 2478 in
376 2428 473 2493 quibus
482 2428 611 2495 indignor
620 2430 645 2480 si
653 2431 706 2480 tibi
716 2430 785 2480 cella
794 2429 859 2491 fuit3

298 2503 402 2567 rumpis
412 2507 440 2552 et
449 2503 556 2553 ardenti
566 2503 691 2555 madidus
702 2504 835 2570 crystalla
845 2504 973 2566 Falerno,

238 2614 242 2620 .
337 2582 365 2627 et
373 2573 463 2642 pruris
474 2578 579 2628 domini
590 2592 649 2628 cum
662 2577 820 2644 Ganymede
829 2580 879 2629 tui.

299 2650 335 2702 At
342 2666 385 2702 me
395 2651 520 2703 literulas
530 2652 608 2702 stulti
618 2652 734 2704 docuere
744 2658 879 2719 parentes.

339 2724 411 2787 Quid
422 2742 483 2777 cum
494 2728 679 2793 grammaticis
688 2725 897 2795 rhetoribusque
905 2725 990 2779 mihil

299 2797 487 2867 Frangeleres
498 2801 631 2870 calamos,
641 2808 669 2857 et
684 2801 1061 2870 scindesuaummexss,

325 2874 429 2927 sidere
438 2880 533 2934 sutori
545 2881 660 2940 calceus
670 2884 854 2957 istapotcsc
