2750 3450
512 380 561 426 DE
585 379 857 428 senonensis.

288 501 458 555 Prosuatnm
468 500 584 555 Nemees
594 509 622 554 et
630 507 710 554 vasta
719 504 749 554 in
758 503 831 555 valle
841 504 957 565 leonem,

323 577 417 628 nobile
427 582 454 628 et
463 576 627 629 Herculeum
637 577 714 628 fama
723 579 838 629 canebat
848 594 926 644 opus.

287 650 383 702 Prisca
392 651 460 702 fides
469 657 574 702 taceat:
594 668 656 703 nam
667 657 731 718 post
741 658 789 702 tua
798 668 919 716 munera,
930 652 1041 715 Caesar,

323 723 457 777 bacciam
466 725 586 777 feminea
595 727 713 779 vidimus
725 733 787 777 acta
795 743 885 777 manu.

531 843 552 883 'l-
571 839 668 882 Poena
687 838 832 882 Laureoli.

288 931 414 993 Qualiter
422 932 452 983 in
461 930 593 999 Scythica
602 932 735 999 religatus
744 947 811 998 rupe
821 932 999 985 Prometheus

324 1006 462 1058 assiduam
472 1007 558 1058 nimio
569 1012 680 1073 pectore
691 1009 768 1074 pavit
778 1023 868 1058 avem:

285 1081 360 1132 nuda
370 1081 522 1134 Caledonio
532 1082 574 1132 sic
583 1086 697 1146 pectora
706 1083 832 1149 praebuit
841 1099 915 1146 urso,

322 1171 379 1207 non
388 1155 461 1207 falsa
470 1157 589 1223 pendens
599 1157 628 1206 in
640 1172 728 1220 cruce,
742 1157 905 1209 Laureolus.

287 1227 423 1282 vivebant
433 1231 518 1282 laceri
527 1231 655 1282 membris
666 1231 834 1283 stillantibus
845 1238 929 1294 artus,

322 1305 406 1371 inque
417 1306 490 1357 omni
501 1321 632 1372 nusquam
644 1321 760 1372 corpore
771 1322 869 1372 corpus
879 1313 946 1357 erat.

287 1378 411 1446 Denique
422 1381 584 1446 supplicium
600 1380 714 1431 dederat
723 1382 798 1432 necis
807 1381 856 1432 ille
865 1389 1004 1446 paternae,

323 1455 367 1504 vel
377 1455 482 1505 domini
491 1454 612 1522 iugulum
623 1453 734 1506 induat
744 1471 808 1506 ense
818 1471 932 1518 nocens3

285 1529 389 1594 templa
397 1529 441 1580 vel
452 1544 554 1580 arcano
564 1529 675 1579 deurens
684 1530 853 1595 spoliaverat
863 1546 943 1593 aur03

323 1603 483 1655 subdiderat
492 1619 589 1654 saevas
598 1603 642 1655 vel
651 1604 713 1667 tibi,
723 1603 820 1666 Roma,
830 1603 914 1655 iaces.

286 1674 398 1730 Vicerat
408 1680 536 1746 antiquae
546 1678 695 1731 sceleratus
706 1679 820 1731 crimina
830 1678 929 1745 lamae,

322 1754 426 1821 inquo,
437 1752 721 1820 quaeiueratiabula‚
736 1769 825 1821 poena
834 1753 894 1804 fult

563 1870 583 1909 8.
603 1865 643 1908 Dc
663 1865 799 1909 Daedalo.

285 1956 421 2021 Daedale,
431 1957 544 2010 Lucano
556 1975 617 2010 cum
627 1960 669 2012 sic
678 1960 808 2012 lacereris
819 1962 854 2012 ab
864 1976 940 2022 ursa,

323 2047 406 2100 quam
417 2048 527 2099 cuperes
538 2050 641 2101 pennas
652 2052 724 2087 nunc
734 2034 862 2087 habuisse
871 2034 946 2087 tuas!

533 2150 554 2190 9.
574 2148 615 2190 Dc
635 2148 827 2193 rhinocerote.

285 2234 428 2287 Praestitit
438 2236 575 2291 exhibitus
584 2246 645 2292 tota
654 2244 716 2306 tibi,
727 2243 837 2306 Caesar,
849 2259 942 2307 arena,
966 2215 969 2221 Δ

324 2324 394 2377 quae
404 2327 459 2363 non
468 2317 603 2379 promisit,
614 2318 723 2382 proelia
732 2316 900 2370 rhinoceros.

285 2384 309 2435 0
320 2400 400 2452 quam
411 2388 547 2441 terribiles
558 2392 662 2442 exarsit
671 2407 774 2459 pronus
783 2393 813 2442 in
823 2391 891 2443 iras!

324 2459 449 2521 Quantus
460 2468 519 2514 erat
529 2480 623 2528 cornu,
634 2467 679 2517 cui
687 2466 747 2533 pila
755 2473 850 2519 taturus
860 2467 932 2518 eratl

354 2580 388 2621 1⁰.
412 2576 452 2620 Da
466 2576 549 2623 leone
564 2580 609 2634 qul
629 2581 850 2633 gubernatorem
869 2583 1004 2626 offendit.

282 2660 418 2713 Laeserat
426 2663 535 2731 ingrato
546 2666 590 2718 leo
602 2668 723 2733 perfidus
732 2685 780 2721 ore
789 2671 960 2745 magistrun),

322 2751 403 2788 ausus
413 2743 469 2788 tam
479 2747 560 2792 notas
571 2748 756 2794 contemerare
765 2760 875 2796 uranuss

283 2812 333 2864 ssd
344 2812 441 2878 dignas
450 2818 527 2865 tanto
538 2817 672 2881 persolvit
682 2819 794 2869 crimine
804 2834 929 2886 poenas3

321 2887 405 2953 etqui
413 2902 468 2939 non
479 2888 580 2944 tulerat
589 2892 716 2974 verbera,
726 2894 788 2948 tela
794 2896 875 2949 tabit.

854 2989 911 3039 52
