2750 3450
417 374 736 422 Errcnnmmnrvm
757 374 825 420 nin.
843 375 909 421 V111.
1015 373 1063 423 195

266 499 394 553 Narranti
401 496 479 563 nihil,
490 499 591 565 inquis,
602 504 629 549 et
639 506 692 549 ate
705 498 816 564 prodita
826 513 909 548 cansa
919 505 969 548 est.

305 576 395 627 Tanto
406 574 467 641 plur
477 574 568 637 debes,
578 572 669 636 Sexte,
685 573 758 639 quod
769 573 872 623 erubui.

526 689 559 728 18.
584 685 625 727 Ad
645 685 791 726 Girinium.

268 762 364 827 Situa,
375 762 470 826 Cirini,
479 777 589 829 promae
603 763 802 828 epigrammata
811 761 903 826 vulgo,

304 839 347 889 vel
357 853 459 888 meeum
470 838 570 903 possis,
584 837 627 887 vel
638 837 715 902 prior
723 837 783 903 ipae
794 835 861 901 legi:

267 911 316 964 sed
325 912 378 962 tibi
386 918 479 963 tantus
487 913 559 962 inest
568 912 668 962 veteris
680 916 819 975 respectus
830 910 921 971 amici,

305 988 397 1038 carior
408 993 508 1037 utinen
518 988 562 1048 eit,
573 1001 654 1052 quam
664 993 713 1034 tua
721 985 796 1034 fama
805 984 864 1035 tibi.

267 1060 315 1113 Sic
323 1060 404 1112 Maro
414 1076 465 1112 nee
475 1060 586 1111 Calabri
594 1060 712 1111 tentavit
723 1060 846 1110 earmina
854 1059 957 1121 Flacci,

303 1135 466 1187 Pindaricos
478 1141 572 1187 nosset
581 1152 640 1186 curn
652 1150 780 1201 superare
791 1134 903 1185 modos:

266 1219 295 1262 et
303 1210 390 1262 Vario
402 1210 483 1261 cessit
492 1208 610 1260 Romani
619 1209 701 1260 laude
713 1207 847 1272 cothurni,

305 1302 365 1337 eum
375 1290 468 1352 posset
476 1285 582 1351 tragico
593 1284 693 1335 fortius
708 1299 755 1335 ore
764 1284 850 1350 loqui.

265 1362 378 1423 edurum,
389 1366 417 1410 et
427 1374 502 1425 epea,
513 1365 540 1409 et
549 1374 614 1410 rura
624 1358 752 1425 frequens
762 1359 878 1409 donabit
888 1359 1006 1408 amicus:

305 1436 352 1502 qni
361 1435 429 1486 velit
437 1434 548 1501 ingenio
559 1434 665 1497 cedere,
674 1449 753 1484 rarus
762 1435 824 1485 erit.

555 1541 587 1581 1⁹.
612 1538 651 1581 De
672 1537 769 1581 Cinna.

265 1615 375 1681 Pauper
383 1613 472 1666 videri
482 1614 570 1666 Cinna
580 1615 649 1678 vult3
664 1622 693 1666 et
703 1622 744 1667 est
754 1630 865 1682 pauper.

549 1725 584 1763 20.
608 1719 647 1763 Ad
666 1719 776 1762 Varum.

267 1798 338 1849 Cum
348 1796 436 1848 facias
446 1812 540 1848 verens
550 1797 626 1848 nulla
635 1814 691 1849 non
700 1798 761 1848 luce
771 1797 900 1860 ducenos,

303 1868 387 1934 Vara,
395 1869 464 1922 nihil
474 1872 585 1924 recitas:
600 1889 656 1923 non
665 1874 750 1939 sapis,
761 1876 842 1938 atque
857 1871 941 1938 sapis.

294 1980 331 2019 21.
355 1976 394 2017 Ad
414 1976 587 2026 Luciferum,
610 1976 655 2019 vel
674 1979 703 2019 in
723 1978 871 2019 adventum
892 1976 1034 2017 Caeraris.

265 2067 525 2136 Phosphore‚redde
536 2071 616 2121 diem.
630 2070 702 2132 Quid
713 2071 816 2140 gaudia
824 2076 919 2121 nnana
929 2068 1063 2121 morariei

306 2144 423 2195 Caesare
432 2150 555 2208 venturo,
568 2144 736 2213 Phosphore,
746 2147 829 2197 redde
840 2146 920 2196 diem.

264 2219 357 2271 Roma
366 2224 455 2285 rogat.
482 2218 589 2271 Placidi
598 2222 766 2288 numquidne
776 2222 855 2288 pigra
864 2220 971 2271 Bootae

305 2294 428 2361 plaustra
437 2292 544 2357 vehunt,
554 2295 628 2346 lento
641 2298 714 2363 qnod
726 2297 807 2347 nimir
817 2297 880 2362 igne
889 2292 980 2345 veniel

265 2369 381 2420 Ledaeo
391 2374 501 2435 poteras
513 2369 646 2421 abducere
658 2372 789 2437 Cyllaron
801 2375 889 2420 astro:

304 2444 364 2510 ipae
375 2459 424 2494 suo
436 2444 513 2494 cedet
522 2460 593 2495 nunc
601 2446 653 2496 tibi
665 2447 764 2496 Castor
773 2460 853 2510 equo.

266 2518 343 2580 Quid
354 2518 480 2585 cupidum
490 2520 591 2570 Titana
601 2520 694 2571 tenesl
708 2521 765 2570 lam
776 2517 910 2580 Xanthus,
921 2529 948 2567 et
957 2515 1064 2567 Aethon

305 2592 384 2644 irena
397 2593 505 2644 volunt:
519 2595 616 2662 vigilat
625 2595 780 2646 Memnonis
791 2594 863 2643 alma
874 2608 979 2658 parens.

266 2668 364 2720 Tarda
373 2673 464 2719 tamen
474 2669 579 2720 nitidae
589 2686 644 2721 non
654 2671 753 2721 cedunt
762 2670 854 2719 sidera
863 2668 927 2729 luci,

305 2750 334 2795 et
343 2745 417 2810 eupit
425 2744 574 2795 ,husoniurn
585 2744 665 2795 Luna
675 2745 768 2796 videre
779 2744 883 2794 ducem.

264 2819 335 2883 lam,
345 2818 456 2881 Caesar,
466 2818 510 2869 vel
520 2825 600 2871 nocte
611 2822 686 2870 veni:
704 2824 776 2870 stent
789 2824 865 2869 astra
874 2817 978 2879 licebit,

302 2909 360 2949 non
370 2894 458 2946 deerit
466 2894 569 2961 populo
579 2901 607 2945 te
617 2896 740 2946 veniente
751 2895 818 2945 dies.

816 2988 876 3037 Ni.
