2750 3450
426 382 743 429 EPIGRAMMATUM
768 382 836 428 ule.
858 382 915 428 Xll.
1019 378 1068 431 331

526 506 560 545 8⁰.
584 501 624 544 Ad
643 500 814 546 Atticillarn.

366 579 478 631 Donavi
485 578 538 630 tibi
547 577 641 641 multa,
652 594 722 645 quae
731 578 850 645 rogasti:

367 655 470 707 donavi
481 654 534 705 tihi
548 653 636 720 plura,
654 669 734 721 quam
749 654 868 721 rogasti:

366 745 422 781 non
433 744 523 780 cessas
533 733 623 779 tamen
633 743 718 794 usque
728 743 771 779 me
784 742 891 796 rogare.

369 803 500 872 Quisquis
509 803 549 854 nil
559 808 649 872 negat,
659 803 792 867 Atticilla,
806 802 893 855 fellat.

522 912 557 952 al.
581 909 621 963 De
642 907 823 950 Callistrato.

275 987 318 1041 Ne
328 986 422 1039 laudet
431 986 539 1054 dignos,
549 985 646 1036 laudat
655 985 829 1036 Callistratus
840 999 942 1036 omnes.

315 1062 365 1114 Cui
375 1061 464 1113 malus
474 1065 515 1112 est
523 1075 613 1123 nemo,
624 1060 685 1127 quis
695 1060 783 1111 bonus
793 1075 852 1111 esse
861 1057 970 1127 potesti

557 1152 590 1190 82.
615 1148 655 1191 De
673 1147 782 1190 Umbro.

330 1225 448 1277 Brumae
458 1224 553 1276 diebus
563 1223 693 1292 feriisque
704 1223 816 1276 Saturni

322 1299 459 1367 ,udttebot
468 1298 568 1351 Umber
577 1299 704 1350 aliculam
719 1298 786 1351 mihi
795 1315 910 1367 pauper3

329 1375 486 1426 nuncmisit
498 1374 610 1426 alicam:
630 1374 719 1427 iactus
733 1381 775 1428 est
789 1376 860 1426 enim
875 1375 961 1427 muer.

532 1466 566 1504 83.
590 1463 629 1505 Dc
648 1462 810 1514 Menogeue.

278 1536 405 1605 Effugere
414 1537 443 1588 in
456 1536 568 1590 thanais
579 1544 607 1590 et
621 1540 695 1590 circa
703 1538 803 1590 balnea
811 1545 920 1591 nonest

312 1612 492 1679 Menogeuen,
503 1614 577 1664 omui
589 1619 619 1664 tu
629 1613 694 1665 licet
704 1619 763 1664 arte
771 1614 850 1664 velis.

278 1686 407 1755 Captabit
414 1687 535 1754 tepidum
546 1687 642 1741 dextra
651 1688 783 1756 laevaque
792 1689 936 1756 trigonam,

312 1765 428 1830 imputet
437 1769 564 1830 exceptas
575 1769 606 1814 ut
615 1764 667 1814 tibi
676 1778 759 1829 saepe
769 1763 849 1829 pilas.

278 1837 396 1905 Colliget
409 1843 436 1889 et
451 1837 550 1890 referet
558 1835 650 1889 laxum
661 1837 696 1889 de
705 1838 815 1905 pulvere
825 1837 929 1902 follem,

314 1918 341 1965 et
351 1913 375 1963 si
384 1913 439 1963 iam
449 1914 531 1977 lotus,
541 1915 596 1964 iam
607 1913 729 1964 soleatus
739 1913 799 1964 erit.

275 1986 376 2039 Lintea
387 1988 410 2039 si
421 2003 518 2051 sumes,
529 1990 590 2039 nive
601 1988 763 2040 candidiora
772 1988 908 2054 loquetur,

313 2062 369 2113 siut
377 2061 442 2113 licet
451 2061 565 2115 infantis
578 2064 737 2116 sordidiora
747 2064 817 2114 sinu.

275 2137 399 2204 Exiguos
409 2142 483 2188 secto
495 2144 644 2189 comentem
657 2140 737 2190 deute
748 2136 872 2204 capillos,

314 2211 387 2262 dicet
395 2209 531 2264 Achilleas
542 2213 712 2280 disposuisse
723 2228 825 2264 comas.

274 2284 411 2337 Fumosae
421 2284 558 2352 ieretlpse
567 2289 658 2354 tropin
670 2287 704 2339 de
714 2286 790 2338 faece
800 2287 924 2354 lagenae,

312 2355 412 2414 frontis
422 2365 449 2411 et
457 2357 596 2412 humorem
608 2363 721 2430 colliget
729 2376 814 2428 usque
827 2367 900 2413 tuae.

275 2434 376 2486 Omnia
385 2434 519 2498 laudabit,
528 2436 673 2487 mirabitur
683 2437 784 2498 omnia,
795 2434 883 2487 donec

311 2524 457 2579 perpessus
467 2509 544 2560 dicas
553 2510 647 2561 taedia
657 2510 741 2574 mille,
752 2507 830 2561 Veni.

544 2600 578 2639 84.
603 2597 642 2640 De
661 2597 794 2640 Fabiano.

365 2673 483 2726 Derisor
494 2672 633 2724 Fabianus
647 2671 811 2735 herciarum,

367 2763 460 2800 omnes
472 2764 550 2816 quem
560 2749 643 2800 modo
655 2748 726 2799 colei
735 2748 868 2799 timebant

367 2822 500 2875 dicentem
510 2824 629 2875 tumidas
639 2824 667 2875 lu
677 2821 851 2892 hydrocelas,

367 2904 496 2966 quantum
505 2914 556 2952 neo
566 2899 620 2951 duo
631 2898 752 2952 dicerent
762 2897 879 2963 Catulli3
