2750 3450
398 362 715 410 EPIGRAMMATUM
739 363 807 409 [ΑΒ.
830 364 861 410 ll.
992 361 1025 411 59

259 502 296 538 me
306 501 415 553 quoque
425 486 460 537 acl
471 501 582 537 coenam
592 485 729 552 gaudebat
737 486 847 551 Apicius
860 487 912 537 ire:

272 577 333 612 cum
345 565 480 623 coenaret,
490 566 549 610 erat
558 561 663 610 tristior
672 560 728 623 illc,
743 561 826 611 domi.

259 636 265 686 i
276 642 367 686 tamen
376 635 477 686 invitus
487 635 574 697 vadis,
585 650 640 697 cur,
651 633 781 697 Classico,
795 633 889 685 vadia!

274 710 375 776 Cogor,
386 710 441 761 ais:
460 724 552 759 verum
564 715 617 771 est3
638 709 746 774 cogitur
758 714 786 759 et
799 707 897 759 Selius.

259 800 278 836 n
287 790 369 851 rogat
379 783 413 834 ad
424 798 536 834 coenam
546 782 647 834 Melior
656 788 692 844 te,
704 782 832 845 classice,
840 788 950 834 rectam.

274 855 634 910 Grandiaverbaubisunti
654 854 684 907 Si
693 857 736 908 vir
745 871 784 920 es,
794 871 867 920 ecce,
875 872 952 926 nega.

510 965 545 1004 w.
569 961 601 1003 lu
620 959 750 1003 cotilun.

290 1055 354 1108 Non
362 1056 442 1108 cirin
452 1055 524 1107 solio
535 1056 610 1121 prius
619 1054 708 1106 lavari

291 1145 452 1197 quenquam,
464 1129 562 1180 Cotile.
583 1129 673 1179 Causa
683 1143 762 1194 quac,
771 1129 826 1180 nial
835 1126 912 1191 haec,
922 1134 975 1179 eat:

290 1204 371 1256 nundin
380 1219 414 1254 ne
423 1202 544 1255 fovearis
553 1203 710 1255 irrumatisl

291 1279 332 1329 Te
341 1279 443 1345 primun
453 1278 518 1331 licet
528 1276 632 1341 abluas,
646 1292 757 1331 neaerae
767 1282 818 1340 eut,

291 1358 354 1405 ante
363 1350 409 1403 hic
417 1352 545 1415 mentula,
555 1367 636 1419 qnam
646 1358 736 1420 eaput,
750 1351 863 1405 lavetur

471 1475 505 1514 ¹11.
529 1470 567 1513 Aa
587 1471 789 1516 Caecilianum.

261 1564 388 1616 andidiua
397 1562 467 1615 nihil
477 1571 518 1616 est
527 1570 563 1628 te,
574 1565 743 1628 Caeciliane;
753 1567 855 1618 notari.

274 1639 305 1690 Si
316 1638 424 1706 qnando
435 1654 468 1690 ex
477 1641 578 1691 nostris
589 1638 708 1691 disticha
721 1655 809 1706 pauca
818 1640 896 1707 legis,

268 1714 363 1765 'otinua
374 1719 421 1765 eut
430 1713 517 1766 Marsi
526 1715 636 1778 recitas,
648 1720 695 1766 aut
705 1715 807 1782 scriptu
817 1714 926 1765 Catulli.

275 1788 354 1840 llaec
362 1787 429 1840 mihi
439 1789 497 1853 dae,
507 1794 636 1856 tanquam
648 1790 787 1840 deteriora
795 1789 880 1856 legen.

284 1863 388 1915 collata
397 1866 485 1931 magis
494 1864 622 1930 placeant
631 1862 708 1915 meai
728 1863 868 1914 Credimus
877 1862 954 1915 illud.

281 1937 351 1990 llalo
361 1943 452 1989 tamen
460 1940 568 2001 recites,
580 1938 745 2001 Caeciliano,
756 1944 812 1988 tua.

487 2062 521 2102 7².
544 2059 576 2101 ln
595 2058 782 2103 Poethunrum.
838 2059 845 2076 ‘

295 2157 373 2203 terno
382 2150 483 2206 iactum
493 2159 627 2217 narratio,
638 2151 794 2216 Posthumc,
804 2166 899 2213 coena,

301 2226 350 2278 rod
358 2227 471 2278 nollem:
492 2230 553 2295 quic
563 2229 633 2278 euim
643 2228 713 2279 talio
723 2228 797 2278 lacta
807 2224 919 2293 probet!

304 2300 337 2351 *bi
347 2303 507 2367 praecisum,
519 2309 620 2369 quanto
631 2318 686 2353 nou
696 2303 756 2368 ipse
765 2302 881 2352 Latinus

311 2375 342 2426 ia
351 2374 493 2427 Panniculi
502 2378 620 2443 percutit
630 2392 679 2428 ora
689 2391 773 2427 eonor

314 2465 365 2516 que
374 2452 462 2518 magio
475 2453 571 2502 mirum
583 2457 632 2514 ert,
647 2457 784 2501 auctorem
800 2449 921 2501 criminis
932 2447 1010 2500 hriiua

319 2525 425 2576 ecilium
434 2530 495 2576 tota
504 2542 597 2577 rumor
604 2527 634 2576 in
643 2525 711 2576 urbe
720 2530 809 2575 sonat.

324 2598 519 2666 regeafactum.
546 2599 594 2650 Via
603 2598 657 2650 hoe
665 2614 708 2650 me
719 2596 845 2649 eredere!
864 2596 954 2648 credo.

330 2673 351 2725 d
360 2673 435 2741 qnod
443 2671 527 2727 habet
535 2679 627 2740 tentes,
637 2672 798 2740 Posthume,
806 2671 966 2725 Caecilium

524 2786 559 2829 13.
586 2784 618 2832 lu
638 2785 660 2832 L
687 2786 752 2833 rim.

340 2871 386 2921 '1³²
397 2877 458 2932 Vult
466 2884 547 2940 acite
560 2801 680 2962 Lyris}³
692 2888 796 2957 Qum
814 2872 1036 2941 acutianum
