2750 3450
438 392 754 440 nelcasmmlauu
779 393 849 440 ΜΒ.
875 395 918 440 Vl.
1022 393 1071 446 Mb

502 516 536 556 32.
559 513 599 556 De
618 516 704 556 morte
726 511 850 555 Othonis.

280 606 348 656 Cum
359 606 497 658 dubitaret
506 605 595 657 adhue
603 606 670 657 belli
680 606 770 657 civilis
779 605 868 672 Enyo,

316 679 434 730 forsitan
444 687 472 732 et
480 686 574 747 posset
586 678 694 732 'vincere
703 680 796 731 mollis
805 678 890 731 Otho:

281 755 421 806 damnavit
430 756 515 806 multo
526 761 658 806 staturum
669 756 802 822 sanguine
811 754 936 819 Martem,

317 835 345 880 et
354 828 427 880 fodit
436 835 511 881 certa
519 836 633 896 pectora
642 829 716 880 nuda
724 844 814 879 manu.

281 902 413 967 situata,
424 904 487 955 dum
496 905 572 967 vivit,
583 919 649 956 sane
658 904 702 956 vel
713 904 830 955 Caesare
839 905 942 955 maior:

317 978 381 1029 dum
391 979 516 1043 moritur,
525 980 656 1046 numquid
665 980 756 1031 maior
765 977 872 1030 Othone
884 978 953 1030 fuist

546 1095 579 1134 ³³.
603 1091 636 1134 Iu
655 1089 808 1147 Sabellum.

277 1165 326 1218 Nil
335 1166 530 1232 miserabilius,
539 1165 645 1232 Matho,
655 1168 807 1236 paedicoue
817 1166 928 1221 Sabello

315 1241 420 1305 vidisti,
434 1258 488 1309 quo
498 1243 537 1293 nil
547 1244 646 1294 laetius
658 1249 720 1294 aute
729 1242 789 1294 fuit.

278 1315 373 1378 Furta,
384 1315 473 1384 fugae,
484 1323 586 1370 mortes
596 1334 744 1381 servorum,
754 1318 889 1380 incendia,
899 1319 988 1369 luctus

317 1389 441 1458 affligunt
450 1390 595 1444 homiuem.
621 1394 689 1444 Tam
700 1394 782 1445 miser
791 1398 819 1444 et
827 1391 918 1443 futuit.

512 1500 546 1539 34.
570 1497 609 1539 Ad
628 1497 836 1540 Diadumenum.

278 1573 366 1624 Basia
375 1573 411 1624 da
420 1573 509 1637 uobis,
519 1573 699 1637 Diadumene,
709 1589 811 1641 pressa.
838 1573 920 1637 Quot,
929 1574 1036 1641 inquiat

317 1648 421 1699 Oceani
431 1647 527 1700 fluctus
542 1664 585 1699 me
595 1663 738 1700 numerare
747 1648 833 1711 iubes,

278 1731 307 1775 et
316 1725 401 1775 maris
410 1724 513 1791 Aegaei
522 1740 629 1793 sparsas
640 1740 688 1791 per
699 1724 784 1775 litora
794 1721 920 1787 conchas,

317 1804 344 1850 et
355 1814 424 1864 quae
435 1798 569 1866 Cecropio
580 1806 672 1851 monte
681 1804 816 1866 vagantur
826 1814 899 1865 apes,

278 1888 404 1940 quaeque
414 1880 513 1925 sonant
522 1875 603 1941 pleno
614 1888 750 1940 vocesque
761 1887 911 1939 manusque
919 1871 1036 1937 theatro,

317 1964 378 1999 cum
387 1949 505 2015 populus
516 1950 599 1999 subiti
611 1948 738 2000 Caesaris
750 1962 799 1999 ora
808 1947 891 1999 videt.

276 2021 353 2074 Nolo
365 2029 432 2089 quot
441 2029 538 2090 arguto
550 2024 626 2075 dedit
635 2028 750 2076 exorata
760 2022 869 2074 Catullo
914 2050 918 2058 ·

298 2161 301 2166 Ι
316 2096 431 2148 Lesbia:
445 2113 535 2165 pauca
545 2100 627 2165 cupit,
641 2099 687 2165 qui
697 2113 839 2150 numerare
853 2102 952 2164 potest.

513 2207 547 2246 ³5.
572 2203 612 2245 Ad
632 2202 831 2246 Caecilianum.

277 2277 388 2344 Septem
400 2279 559 2347 clepsydras
568 2296 668 2348 magna
676 2281 730 2332 tibi
738 2295 806 2331 voce
817 2280 918 2346 petenti

316 2353 420 2404 arbiter
427 2354 538 2418 invitus,
550 2355 715 2419 Caeciliana,
726 2354 809 2405 dedit.

228 2439 232 2446 ·
274 2428 313 2478 At
322 2434 353 2478 tu
362 2428 448 2479 multa
458 2430 506 2481 diu
518 2430 600 2481 dicis:
618 2431 765 2496 vitreisque
774 2434 909 2494 tepentem

317 2503 445 2569 ampullis
454 2511 535 2571 potas
545 2506 726 2572 semisupinus
738 2518 845 2570 aquam.

276 2576 315 2627 Ut
323 2577 434 2629 tandem
446 2579 530 2630 saties
540 2594 688 2645 vocemque
699 2579 838 2644 sitimque3
853 2591 992 2644 rogamus,

315 2652 373 2703 iam
383 2652 417 2704 de
428 2653 581 2721 clepsydra,
592 2654 757 2716 Caeciliane,
767 2651 855 2703 bibas.

547 2762 582 2803 ³6.
606 2758 647 2803 Ad
665 2758 707 2803 Pa
730 2756 809 2803 ilum.

271 2833 398 2886 Mentula
407 2840 462 2887 tam
472 2851 576 2909 magna
586 2846 641 2910 est,
650 2773 751 2897 tantbs
760 2836 1077 2909 tibifflapilemaauss

300 2910 438 2975 ϋΐΡθεείε,
451 2918 568 2984 quoties
578 2923 703 2997 arrigis,
717 2921 865 2981 oliacere·

313 2995 430 3053 Mser.
895 3012 929 3061 K
