2750 3450
313 343 344 392 52
601 341 815 389 mnnrlnnls

314 467 440 518 Caecuba
450 471 599 527 saccentur,
610 479 734 532 quaeque
745 481 830 516 annus
841 465 917 515 coxit
927 465 1044 534 Opimi:

351 541 502 592 condantur
513 556 594 605 parco
605 538 683 590 lusca
692 541 810 591 Falerna
820 540 901 591 vitro.

314 616 413 667 Omnes
424 615 581 681 Tongilium
591 615 692 665 medici
700 616 804 666 iussere
813 614 910 665 lavari

352 691 375 740 0
385 691 470 753 stulti,
480 689 583 740 febrem
594 689 705 739 creditis
715 688 790 740 esset
811 687 883 739 Gula
892 695 944 739 est.

560 831 595 868 41.
618 826 649 868 ln
668 827 857 868 Maximinum.

386 921 464 984 Ride,
475 922 499 972 si
509 922 592 987 sapis,
604 936 620 971 o
631 920 732 986 puella,
746 919 814 982 ride,

386 995 523 1064 Pelignus,
534 1000 609 1060 puto,
621 995 728 1045 dixerat
737 1000 833 1061 posta:

387 1070 435 1121 sed
444 1086 499 1121 non
510 1070 616 1120 dixerat
627 1069 752 1119 omnibus
761 1067 867 1135 puellis.

389 1144 487 1196 Verum
497 1150 528 1195 ut
538 1143 638 1194 dixerit
648 1144 773 1194 omnibus
783 1143 891 1209 puellis,

386 1235 442 1270 non
453 1218 522 1269 dixit
530 1218 595 1279 tibi3
614 1223 645 1267 tu
654 1216 747 1282 puella
756 1233 811 1268 non
821 1232 864 1268 es:

388 1300 414 1344 et
424 1299 478 1343 tres
489 1297 551 1343 slent
559 1293 620 1355 tibi,
629 1290 790 1353 Maximine,
802 1284 917 1349 dentesz¹

388 1367 436 1417 sed
446 1367 526 1432 plane
537 1368 660 1432 piceique
671 1366 813 1432 buxeique.

388 1442 479 1502 Quare
489 1442 513 1492 si
523 1441 634 1507 speculo
645 1439 766 1506 mihique
777 1440 874 1503 credis,

389 1516 470 1567 debes
480 1531 536 1566 non
546 1516 626 1566 aliter
634 1516 730 1566 timere
740 1515 834 1577 risum,

388 1606 468 1658 quam
479 1596 585 1641 ventum
597 1589 724 1655 Spanius,
738 1603 900 1656 manumque
910 1582 1042 1645 Priscus:

388 1681 468 1733 quarn
480 1671 583 1716 cretata
592 1666 670 1715 timet
679 1663 796 1714 Fabulla
805 1664 935 1729 nimbum,

388 1747 528 1792 cerussata
537 1742 614 1792 timet
624 1739 736 1797 Sabella
745 1740 841 1790 solem.

387 1814 485 1867 Vultus
494 1816 576 1867 indue
586 1824 616 1866 tu
625 1815 714 1882 magis
728 1828 846 1877 severos,

387 1907 467 1958 quam
479 1892 578 1941 coniux
588 1890 700 1951 Priami,
711 1904 848 1956 nurusque
857 1889 959 1941 maiora

386 1967 484 2016 mimos
495 1965 605 2015 ridiculi
614 1963 796 2026 Philistionis,

387 2046 414 2091 et
424 2040 550 2090 convivia
559 2040 693 2105 nequiora
701 2038 768 2100 vita,

387 2118 415 2164 et
424 2113 556 2179 quidquid
567 2112 659 2177 lepida
669 2113 838 2177 procacitate

388 2188 464 2238 laxat
473 2188 616 2252 perspicuo
627 2186 729 2236 labella
738 2188 804 2237 risu.

387 2264 427 2313 ’l'e
437 2266 558 2319 moestae
569 2260 646 2311 dccet
657 2261 779 2312 assidere
789 2262 877 2323 matri,

388 2336 545 2403 ingentique
554 2336 650 2398 virum,
661 2336 789 2401 piumque
799 2334 921 2398 fratrem,

387 2416 415 2461 et
424 2414 528 2460 tautum
538 2410 652 2476 tragicis
661 2425 760 2461 vacare
769 2408 865 2461 Musis.

387 2486 422 2536 lit
433 2493 471 2547 tu,
480 2485 613 2535 iudicium
623 2491 717 2535 secuta
726 2491 858 2547 nostrum,

387 2560 475 2625 plora,
485 2560 511 2610 si
520 2560 604 2627 sapis,
616 2575 632 2610 ο
643 2559 744 2626 puella,
754 2560 840 2626 plora

596 2685 630 2723 42.
653 2680 685 2723 In
705 2680 822 2723 Zoilum.

302 2773 391 2835 Zeila
405 2774 474 2841 quid
481 2775 585 2829 solium
594 2776 710 2831 subluto
721 2776 823 2846 podice
831 2773 944 2841 quoio.

324 2844 466 2910 Spurcius
478 2858 509 2905 ut
517 2855 580 2923 liat,
591 2855 686 2925 Zoilo,
702 2868 803 2925 merge
814 2854 913 2919 caqut.
