2750 3450
495 738 533 789 Μ.
562 736 660 789 VAL.
690 737 964 792 MARTlALIS

331 864 1057 963 arrouannaru

599 1012 781 1064 LIBER
820 1012 854 1066 V.

595 1289 615 1329 1.
640 1285 679 1327 dd
699 1285 853 1328 Caularem.

330 1369 401 1441 Hoc
409 1388 470 1451 tibi,
481 1387 623 1440 Palladiae
634 1403 682 1439 seu
693 1388 809 1440 collibus
818 1387 904 1440 uteris
914 1388 1014 1454 Albae,

368 1462 480 1525 Caesar,
489 1467 516 1513 et
526 1460 588 1514 binc
598 1463 722 1523 Triviam
733 1463 876 1529 prospicis,
889 1463 955 1514 inde
966 1463 1070 1518 Thetin

292 1578 295 1584 .
330 1553 378 1589 seu
388 1543 436 1588 tua
445 1537 583 1588 veridicae
594 1538 703 1589 discunt
713 1552 845 1604 responsa
855 1553 980 1604 sorores,

367 1612 450 1679 plana
460 1612 609 1663 suburbani
620 1627 675 1678 qua
685 1612 767 1663 cubat
775 1611 849 1662 unda
858 1609 937 1676 freti3

330 1703 378 1739 seu
388 1688 478 1755 placet
487 1688 593 1740 Aeneae
603 1687 704 1751 nutrix,
714 1702 763 1739 eeu
773 1686 831 1737 filia
840 1684 924 1751 Solis,

367 1764 425 1814 aive
435 1762 585 1815 salutiferis
596 1763 728 1814 candidus
738 1763 830 1812 Anxur
840 1762 934 1828 aquina

330 1839 470 1900 mittimus,
482 1855 498 1889 ο
509 1854 598 1888 rerum
609 1836 677 1888 felix
685 1837 772 1888 tutela
781 1838 919 1901 salusque,

367 1914 471 1979 sospite
483 1928 536 1978 quo
546 1919 653 1978 gratum
664 1913 798 1962 credimus
812 1926 871 1961 esse
881 1909 987 1963 lovem.

331 1987 374 2037 Tu
383 1992 488 2037 tantum
500 1988 634 2052 accipias:
651 2001 701 2053 ego
712 1992 740 2037 te
750 1986 849 2052 legisse
858 1986 976 2051 putabo,

367 2066 394 2112 et
403 2062 523 2112 tumidus
534 2058 616 2111 Galla
626 2061 788 2112 credulitate
797 2060 883 2111 fruar.

607 2184 629 2223 2.
653 2181 694 2223 Ad
713 2180 846 2225 lectores.

456 2276 610 2339 Matronae,
620 2276 760 2343 puerique,
771 2276 954 2343 virgineaque,

456 2352 536 2403 vobis
546 2350 648 2417 pagina
657 2358 753 2403 nostra
763 2350 915 2403 dedicatur.

457 2426 509 2487 Tu,
521 2441 599 2492 quem
609 2426 749 2491 nequitiae
759 2427 936 2492 procaciores

459 2501 597 2551 delectant
605 2500 728 2564 nimium,
740 2501 864 2566 salesque
874 2501 952 2564 nudi,

458 2575 577 2626 lascivos
588 2575 648 2642 lege
660 2580 778 2641 quatuor
787 2575 912 2638 libellos3

459 2650 567 2717 quintus
579 2665 638 2701 cum
650 2650 761 2701 domino
772 2650 842 2700 liber
850 2650 973 2713 iocetur3

452 2741 535 2795 quem
549 2723 737 2781 Germanicus
747 2741 795 2778 ore
804 2725 984 2776 nontubentx

446 2820 549 2861 coram
563 2799 917 2876 Cecropialegatuuella.
