2750 3450
434 389 751 437 EPIGRAMMATUM
776 391 848 436 nin.
871 390 925 435 vii.

376 514 398 564 0
410 529 491 580 quom
501 528 544 563 me
554 513 667 563 nimium
680 513 790 578 probas,
801 527 939 579 amneque,

374 590 421 656 qui
430 590 471 639 vis
487 585 650 654 archetypas
660 586 760 638 habere
769 602 865 654 nugas.

535 696 568 734 12.
593 692 632 733 Ad
651 691 825 734 Faustinum.

281 768 330 820 Sic
340 783 383 819 me
392 766 483 819 fronte
493 769 567 835 legat
577 768 718 832 dominus,
732 770 871 832 Faustino,
881 782 985 830 serena,
1031 815 1035 828 ,

321 842 494 909 excipiatque
505 859 589 906 meos,
601 858 656 909 qua
664 845 737 895 solet
746 859 824 907 aure,
839 845 932 905 iocos3

281 923 314 969 ut
323 932 386 969 mea
394 932 452 980 nec,
463 919 534 969 iuste
545 933 614 984 quos
626 918 694 982 odit,
710 920 811 986 pagina
820 918 915 980 laedit,

322 989 426 1043 etmihi
437 992 470 1043 de
480 993 556 1043 nullo
567 991 642 1044 lama
651 994 752 1044 rubore
762 993 860 1060 placet

284 1067 359 1130 Quid
368 1067 494 1133 prodest,
509 1069 620 1134 cupiant
629 1083 690 1118 cum
701 1069 811 1135 quidam
821 1073 917 1119 nostre
926 1067 1022 1129 videri,

322 1142 347 1194 si
357 1156 413 1209 qua
421 1141 580 1208 Lycambeo
591 1144 723 1210 sanguine
732 1143 789 1194 tela
798 1141 924 1193 madenti

284 1218 476 1285 vipereumque
485 1223 598 1268 vomant
610 1224 706 1269 nostro
717 1219 767 1270 sub
777 1218 887 1269 nomine
896 1218 980 1279 virus,

322 1292 371 1360 qui
379 1291 485 1345 Phoebi
494 1292 589 1344 radios
600 1291 671 1345 serre
682 1294 807 1360 diemque
817 1291 934 1360 negant?

265 1395 266 1401 =
284 1367 419 1419 Ludimus
428 1367 553 1419 innocui:
569 1368 623 1419 scis
633 1366 687 1420 hoc
697 1369 774 1420 bene.
803 1367 866 1418 luro
878 1367 998 1434 potentis

322 1458 373 1510 per
382 1443 492 1511 genium
500 1441 611 1506 Famae,
624 1442 847 1509 Castalidumque
857 1457 980 1509 gregem:

285 1533 387 1586 perque
396 1523 459 1568 tuas
470 1532 559 1581 aures,
568 1519 661 1585 magni
671 1516 739 1568 mihi
749 1519 866 1569 numinis
876 1518 972 1578 instar,

322 1593 419 1656 lector,
432 1590 582 1643 inhumana
591 1593 662 1645 liber
672 1588 707 1643 ab
716 1593 830 1644 invidia.

552 1699 585 1743 13.
608 1698 647 1741 De
667 1697 815 1752 Lycoride.

282 1795 358 1846 Dum
369 1793 522 1844 'liburtinis
534 1793 671 1844 albescere
681 1792 787 1845 solibus
798 1790 875 1841 audit

325 1869 434 1936 antiqui
444 1869 533 1920 dentis
543 1868 622 1919 fusca
632 1867 750 1933 Lycoris
761 1866 836 1928 ebur,

294 1945 362 1996 'enit
370 1945 399 1994 in
410 1943 562 1995 Herculeos
573 1943 666 1995 colles.
697 1941 771 2004 Quin
783 1940 895 1991 'liburie
905 1938 955 1989 alti

323 2033 393 2070 aura
402 2016 493 2069 valeti
511 2016 601 2070 Parvo
611 2024 734 2085 tempore
747 2017 827 2083 nigra
839 2014 919 2065 redit.

383 2144 415 2182 14.
440 2139 480 2181 Ad
499 2137 609 2189 Aulum,
630 2140 661 2181 de
681 2138 759 2181 luctu
779 2150 844 2179 suae
865 2134 989 2191 puellae.

320 2234 396 2287 ecidit
404 2232 545 2284 infandum
556 2239 666 2285 nostrae
677 2233 775 2295 scelus,
788 2230 864 2293 Aule,
875 2229 992 2296 puellae,

327 2310 421 2362 amisit
430 2310 506 2360 lusus
521 2309 689 2375 deliciasque
699 2322 777 2359 suos:

334 2401 343 2436 ι
354 2384 450 2452 quales
459 2384 547 2435 teneri
560 2383 681 2450 ploravit
692 2382 781 2433 amica
791 2380 894 2430 Catulli

343 2458 443 2521 mohin,¹
454 2459 584 2524 nequitiis
596 2458 717 2524 passeris
728 2456 797 2508 orbo
806 2454 862 2516 sui3

346 2533 447 2585 Stellae
457 2538 568 2584 cantatu
576 2548 648 2595 meo,
662 2546 731 2598 quas
741 2529 816 2581 flevit
824 2525 937 2589 Ianthis,

354 2610 405 2660 rins
414 2608 443 2658 in
453 2608 551 2675 Elysio
562 2608 641 2674 nigra
651 2606 779 2658 columba
789 2603 873 2655 volat.

362 2698 425 2734 mea
433 2698 489 2734 non
499 2683 606 2749 cupitur
615 2682 704 2749 nugis,
714 2696 764 2731 nec
774 2678 915 2731 umoribus
922 2678 1002 2741 istis,

367 2757 515 2822 :dominae
526 2762 621 2825 pectus
631 2757 702 2811 talia
713 2758 959 2812 domnamouent.

374 2847 429 2883 uos
432 2846 549 2898 puerum
559 2844 761 2894 numerantem
776 2835 1039 2911 permutemus,

381 2903 427 2956 ula
437 2909 485 2960 cm·
493 2913 625 2969 nondum
638 2918 874 2994 sesquipedalis
885 2917 968 2969 erui·
