2750 3450
369 398 372 403 ’
426 399 748 447 EPIGRAMMATUM
773 401 842 446 ΗΒ.
869 401 912 446 111.
1035 398 1067 449 69

350 537 388 573 an
398 521 531 573 delicatae
542 521 606 573 Sole
615 538 708 572 rursus
719 522 845 588 Europae

348 595 421 646 inter
429 602 550 663 tepentes
560 601 623 661 post
632 597 771 646 meridiem
781 596 869 647 buxos

349 670 426 721 sedet
437 670 589 721 ambulatve
599 670 668 721 libor
679 670 786 721 acribus
801 670 888 721 eurisi

351 744 443 795 Titine
453 743 565 794 thermis
577 760 611 794 an
621 745 729 794 lavatur
737 745 882 811 Agrippae,

350 833 386 868 an
394 819 525 885 impudici
534 818 632 869 balneo
644 817 784 885 Tigillinii

352 906 387 942 an
396 908 458 944 rure
468 893 544 943 Tulli
553 892 651 942 fruitur
665 900 747 958 atque
757 891 880 943 Lucanl'l

351 982 387 1017 an
396 966 531 1018 Pollionis
542 967 620 1018 dulce
631 968 715 1018 currit
726 967 760 1017 ad
776 967 925 1026 Quartuml

353 1056 389 1091 an
399 1047 551 1092 aestuantes
561 1042 617 1091 iam
628 1041 766 1106 profectus
776 1042 811 1091 ad
820 1042 905 1092 Baias
941 1107 944 1114 ι

350 1116 428 1182 piger
438 1114 557 1166 Lucrino
569 1116 730 1166 nauculatur
739 1117 767 1165 in
778 1115 893 1183 stagnei

351 1188 400 1241 Vis
410 1191 489 1254 scire,
500 1190 566 1256 quid
577 1197 642 1257 agat
652 1190 752 1240 Canius
761 1190 841 1241 tunsi
859 1191 949 1242 Ridet

466 1315 501 1354 21.
525 1309 556 1352 ln
574 1309 879 1356 erudelom'domiuum.

228 1428 237 1465 ,Ι
279 1386 465 1453 Proscriptum
476 1386 593 1438 famulus
604 1389 723 1439 servabit
732 1388 821 1440 fronte
831 1395 950 1441 notatus.

228 1474 237 1493 ¹
314 1460 377 1513 Non
386 1461 438 1513 fuit
447 1461 515 1513 haec
526 1463 630 1512 domiui
640 1463 707 1526 vita,
720 1464 766 1514 scd
778 1464 891 1515 invidia.

557 1579 591 1618 22.
615 1578 655 1620 De
674 1577 783 1633 Apicio.

368 1651 500 1715 Dederas,
510 1643 597 1718 Apici,
607 1654 650 1704 bis
660 1655 800 1704 tricenties
810 1656 906 1717 ventri,

369 1727 416 1784 sed
428 1725 516 1778 adhuc
528 1734 669 1794 supererat
679 1730 780 1780 centies
790 1730 842 1780 tibi
852 1730 952 1780 laxum.

368 1892 473 1929 summa
482 1891 612 1927 venenum
623 1878 736 1943 potione
746 1878 857 1929 duxisti.

368 1950 415 2003 Nil
425 1956 474 2015 est,
484 1952 571 2017 Apici,
582 1952 634 2002 tibi
643 1952 767 2019 gulosius
776 1953 886 2004 iactum.

521 2060 555 2098 23.
571 2056 611 2098 -ln
630 2057 822 2100 invitatorem.
883 2088 885 2092 ψ

228 1190 234 1279 ἑ

228 1322 237 1411 i

228 1504 241 1587 l.

228 1807 242 2080 Ι
368 1802 616 1868 Hoctugravatus‚
628 1809 658 1853 ut
667 1802 766 1853 famem
781 1809 808 1853 et
818 1805 891 1853 sitim
901 1803 980 1867 ferre,

228 2107 238 2206 {-
278 2131 377 2182 Omnia
387 2147 447 2183 curn
457 2137 530 2183 retro
541 2134 632 2198 pueris
642 2135 760 2199 opsonia
768 2134 877 2185 tradas:

228 2209 241 2276 ᾗ
314 2222 362 2257 cur
371 2222 427 2258 non
436 2205 530 2258 menia
540 2207 592 2258 tihi
601 2209 712 2273 ponitur
723 2225 739 2259 a
749 2208 879 2275 pedibusi

228 2293 241 2334 '4
456 2316 490 2353 24.
515 2312 554 2354 De
574 2311 724 2367 haruspice
743 2311 883 2355 hernioso.

276 2386 339 2439 Vite
349 2402 450 2438 nocens
460 2403 526 2439 rosa
534 2389 625 2439 stabat
635 2389 782 2439 moriturus
792 2388 827 2438 ad
843 2403 906 2439 aras

312 2460 414 2525 hircus,
424 2461 541 2526 Bacche,
549 2465 604 2513 tuis
614 2463 726 2514 victima
735 2468 815 2529 grata
824 2465 919 2513 sacris.

277 2534 363 2597 Quem
374 2537 479 2588 Tuscus
490 2544 609 2588 mactare
620 2538 671 2588 deo
684 2553 744 2588 cum
756 2537 838 2587 vellet
847 2536 991 2602 haruspex,

228 2557 241 2716 h
313 2611 421 2662 dixerat
432 2613 533 2678 agresti
542 2612 614 2664 sorte
623 2612 738 2677 rudique
749 2611 818 2672 viro,

228 2719 239 2742 .
278 2693 307 2736 nt
317 2687 373 2737 cite
384 2686 527 2737 testiculos
538 2692 664 2753 peracuta
677 2685 748 2736 falce
758 2690 872 2749 secaret,

228 2749 237 2810 l
311 2766 382 2812 teter
392 2766 423 2810 ut
430 2761 584 2813 immundae
594 2762 685 2814 carnis
696 2760 787 2815 abiret
798 2762 881 2816 odor.

228 2813 237 2870 l
266 2832 419 2895 preseper
429 2834 529 2887 vr'rr'des
540 2852 605 2891 aras
615 2838 762 2896 luctantia
772 2859 887 2914 pronus

288 2901 471 2957 dumresecat
479 2911 574 2967 cultro
587 2918 677 2987 colla,
688 2926 866 2995 premitque
876 2932 995 2978 mamm
