2750 3450
421 382 742 429 EPIGRAMMATUM
769 384 836 430 MR.
857 384 922 429 vlu.
1023 382 1073 435 193

273 506 328 559 Sed
338 504 424 558 modo
436 505 596 572 clepsydras
607 506 711 573 ingenti
721 521 789 558 voce
799 507 891 572 petisti

311 586 439 649 quatuor.
470 579 493 630 0
506 585 645 646 quantum,
656 579 752 643 Cinna,
762 587 852 631 tacere
862 579 953 646 potes!

410 689 431 727 8.
455 684 495 727 Aa
515 685 609 728 Ianum
630 686 661 727 de
679 685 775 727 reditu
795 684 937 727 Caesaris.

274 779 445 845 Principium
457 780 513 841 des,
524 778 597 840 lane,
611 778 676 829 licet
686 777 826 829 velocibus
837 779 924 841 annis,

313 860 341 904 et
350 868 463 904 revoces
473 853 549 903 vultu
560 853 653 902 secula
662 853 746 919 longa
755 860 818 903 tuo:

274 934 302 979 te
311 929 428 996 primum
441 928 488 994 pia
497 933 560 977 tura
570 932 676 993 rogent,
686 931 714 977 te
724 942 791 978 voce
802 927 934 989 salutent3

312 1008 471 1069 purpurato
480 1001 556 1063 felix,
566 1007 593 1052 te
606 1001 680 1051 colat
690 1002 778 1052 omnis
789 999 885 1053 honos.

275 1079 319 1127 'l‘u
328 1083 420 1128 tamen
431 1075 484 1127 hoc
493 1076 589 1138 mavis,
600 1074 700 1126 Latiae
710 1076 784 1141 quod
794 1077 910 1142 contigit
919 1075 989 1140 urbi,

312 1166 405 1202 mense
414 1157 463 1202 tuo
473 1150 608 1213 reducem,
619 1150 694 1213 lane,
704 1151 797 1200 videre
811 1151 899 1201 deum.

466 1258 487 1297 a.
512 1255 550 1296 aa
571 1256 719 1303 Quintium
741 1256 772 1297 sle
793 1254 874 1308 Hyla.

276 1348 389 1400 Solvere
400 1348 560 1400 dodrantem
572 1364 658 1415 nuper
667 1350 728 1412 tibi,
740 1348 864 1412 Quincte,
875 1351 987 1402 volebat
1007 1358 1015 1383 ⁴

312 1423 403 1491 lippus
414 1422 518 1489 Hylas:
532 1422 624 1474 luscui
635 1424 693 1474 vult
703 1424 768 1474 dare
779 1424 929 1475 dimidium.

275 1500 375 1565 Accipe
405 1498 598 1564 uamprimum:
613 1498 705 1549 brevis
715 1505 757 1549 est
768 1499 877 1551 occasio
888 1500 967 1552 lucri.

312 1571 344 1625 si
353 1572 383 1624 lu
416 1574 436 1624 't
447 1588 552 1636 caecus,
562 1573 603 1623 nil
612 1573 664 1624 tibi
674 1573 763 1624 solvet
774 1573 870 1639 Hylas.

564 1681 597 1719 io.
621 1677 661 1719 Dc
680 1678 775 1719 Basso.

328 1763 405 1814 Emit
413 1764 537 1815 lacernas
548 1763 669 1814 millibus
683 1763 776 1815 decem
786 1763 889 1814 Bassus

329 1840 441 1905 Tyrias,
453 1838 555 1889 coloris
567 1839 672 1905 optimi.
694 1837 852 1889 Lucrifecit.

328 1912 405 1965 Adeo
414 1913 484 1964 bene
494 1912 575 1963 emitl
593 1914 695 1980 inquis.
715 1914 800 1963 lmmo
811 1928 866 1963 non
876 1912 968 1963 solvit.

440 2021 473 2060 ll.
488 2018 527 2059 su
545 2018 693 2062 Caesarem
709 2018 906 2061 Domitianum.

278 2107 434 2162 Pervenisse
444 2117 518 2162 tuam
528 2113 584 2162 iam
595 2118 622 2162 te
632 2113 684 2163 scit
694 2111 803 2162 Rhenus
813 2112 842 2161 in
854 2110 961 2161 urbem:

310 2200 374 2236 nam
384 2186 482 2252 populi
491 2201 573 2237 voces
584 2187 660 2237 audit
671 2193 699 2237 et
708 2187 755 2236 ille
764 2186 815 2236 tui.

277 2254 444 2311 Sarmaticas
455 2261 537 2310 etiam
548 2266 650 2327 gentes,
660 2261 820 2327 istrumque,
833 2258 970 2325 Getasque

310 2334 437 2386 laetitiae
448 2335 553 2386 clamor
561 2337 658 2386 terruit
666 2336 727 2401 ipse
736 2349 833 2385 novae.

275 2401 345 2461 Ilum
357 2416 385 2460 te
397 2409 481 2476 longa
491 2425 571 2461 sacro
581 2416 744 2460 venerantur
754 2408 856 2475 gaudia
867 2407 957 2469 Circo,

309 2500 393 2536 nemo
404 2492 501 2550 quater
509 2485 609 2536 missos
620 2498 727 2535 currere
738 2483 823 2533 sensit
833 2498 927 2547 equos.

268 2549 387 2610 Nullum
398 2557 488 2610 Roma
497 2559 601 2622 ducem,
612 2575 662 2609 nec
671 2564 698 2608 te
711 2558 760 2620 sic,
771 2556 880 2619 Caesar,
892 2557 1007 2607 amavit:

308 2641 338 2685 te
349 2648 459 2701 quoque
469 2634 525 2683 iam
535 2649 590 2685 uon
599 2634 670 2700 plns,
680 2639 711 2683 ut
720 2632 786 2683 velit
795 2632 865 2697 ipsa,
879 2637 979 2696 potest.

235 2705 251 2718 ρ
547 2742 580 2781 12.
605 2737 644 2780 Ad
664 2737 799 2779 Priscum.

258 2803 396 2868 Uxorem
408 2830 492 2881 quare
502 2814 664 2881 locupletem
677 2814 775 2866 ducere
785 2812 880 2875 nolim,

310 2887 463 2958 quaeritisl
482 2889 568 2941 Uxori
579 2889 679 2942 nubere
690 2890 755 2941 nolo
768 2901 854 2939 meae.

339 2983 452 3028 Mum.
852 2981 882 3031 u
