2750 3450
437 332 762 382 Epiennmnnrunt
789 334 859 380 ΜΒ.
887 333 931 381 ΙΙ.
1052 332 1085 384 83

564 458 601 499 ¹16.
623 454 655 498 ln
673 456 797 498 Bassum.

278 531 387 600 Arrigis
394 532 433 583 ad
443 533 558 595 vetulas,
568 531 687 596 fastidis,
699 533 794 595 Basse,
805 532 923 598 puellas:
999 559 1004 571 ·

318 624 369 659 nec
379 606 503 660 formosa
512 609 574 671 tibi,
585 608 634 659 sed
644 610 779 659 moritura
789 608 888 674 placet.

280 682 350 747 Hic,
370 698 453 751 rogo,
473 699 529 735 non
544 683 622 735 furor
636 690 691 747 est,
710 699 766 734 non
777 688 818 734 est
828 682 896 794 ¹¹³5?
906 683 1028 733 mentula
1038 683 1084 733 de-

320 833 388 884 Gnm
401 833 492 900 possis
503 832 656 897 Hecubam,
671 850 728 885 non
739 774 1046 900 poiffloromaehen.

548 942 584 982 ii.
607 939 639 982 In
659 939 812 984 Raeticum.

281 1013 460 1080 Necmullus,
470 1022 558 1068 necte
569 1018 697 1082 delectat,
707 1018 830 1081 Baetice,
841 1018 951 1068 turdus:

318 1107 370 1143 nec
379 1091 457 1158 lepus
468 1099 510 1144 est
519 1108 648 1159 unquam,
662 1109 714 1145 nec
723 1094 775 1144 tibi
785 1099 880 1162 gratus
891 1109 964 1160 aper.

282 1164 377 1218 Necte
388 1166 446 1218 liba
454 1168 558 1231 iuvant,
569 1185 620 1220 nec
631 1176 723 1220 sectae
735 1170 840 1236 quadra
852 1170 1009 1236 placentae:

318 1258 370 1294 nec
379 1241 470 1310 Libye
480 1245 573 1306 mittit,
585 1260 636 1295 nec
645 1244 698 1296 tibi
708 1243 806 1296 Phasis
817 1260 890 1295 aves.

228 1360 231 1367 .
282 1317 430 1384 Capparin,
441 1324 469 1369 et
478 1320 552 1385 putri
563 1335 644 1387 cepas
657 1321 733 1372 aleee
743 1326 879 1383 natantes,

228 1418 230 1445 !
319 1398 347 1446 et
356 1393 467 1460 pulpam
478 1394 562 1446 dubio
574 1394 607 1446 de
617 1401 751 1462 petasone
762 1412 853 1447 voras.

228 1492 231 1501 =
272 1465 377 1535 'Teque
386 1470 482 1520 iuvant
491 1485 583 1536 gerres
595 1476 623 1521 et
632 1470 704 1537 pelle
714 1472 877 1538 melandrya
892 1486 974 1521 cana:

228 1568 233 1575 ·
318 1545 442 1596 resinata
451 1544 524 1596 bibis
534 1546 607 1609 vina,
618 1546 739 1598 Falerna
748 1546 830 1614 iugis.

279 1618 394 1683 Nescio,
407 1621 481 1686 qnod
491 1620 628 1672 stomachi
638 1623 737 1673 vitium
748 1622 879 1673 secretins
889 1636 950 1672 esse

320 1695 455 1762 suspicor.
482 1695 519 1747 Ut
527 1697 595 1764 quid
606 1698 687 1763 enlm,
698 1697 822 1762 Baetice,
834 1694 1006 1764 saprofagisl

532 1806 568 1846 18,
589 1803 635 1854 7Διὶ
654 1803 828 1847 ΡιιιΙΙὶιιιιιιι.

252 1871 255 1878 ’
278 1878 410 1932 Minxisti
421 1885 544 1931 currente
555 1882 647 1945 semel,
659 1882 796 1945 Fauillae,
807 1881 910 1932 carina.

318 1953 425 2006 Meiere
433 1956 476 2006 vis
486 1956 603 2007 iternml
622 1957 681 2008 lam
690 1958 838 2009 Palinurus
848 1958 912 2009 eris.

539 2065 573 2106 lo.
598 2064 638 2106 An
658 2064 826 2108 Sertorium.

278 2136 349 2189 Rem
360 2137 468 2205 peragit
477 2140 581 2192 nnllam
592 2140 741 2206 Sertorius,
751 2139 866 2193 inchoat
877 2155 979 2192 omnes.

319 2212 403 2265 Hunc
412 2228 474 2281 ego,
485 2231 545 2267 cum
556 2216 648 2282 futuit,
659 2203 716 2270 nob
725 2222 792 2285 puto
804 2217 943 2284 perlicere.

555 2318 589 2357 80.
614 2314 654 2357 Aa
674 2314 812 2370 Apicium.

273 2390 324 2442 De
335 2389 413 2441 nullo
425 2392 555 2457 quereris,
566 2392 636 2442 nnlli
646 2392 800 2455 maledicis,
814 2392 907 2458 Apici:

318 2480 415 2516 rumor
426 2468 475 2528 ait,
487 2466 599 2534 linguae
609 2473 635 2518 te
645 2472 738 2521 tamen
748 2483 808 2518 esse
817 2467 917 2518 malae.

549 2576 584 2615 st.
607 2572 639 2615 In
658 2570 814 2616 Baeticam.

280 2647 359 2711 Quid
370 2663 431 2698 cum
442 2647 561 2701 femineo
571 2650 633 2713 tibi,
643 2650 758 2702 Baetice
769 2648 858 2713 Galle,
869 2648 1017 2701 barathro?

319 2722 399 2775 llaec
410 2724 492 2775 debet
499 2725 606 2776 medios
617 2726 738 2777 lambere
748 2725 845 2795 lingna
853 2726 942 2778 viros.

275 2799 410 2851 Abscissa
421 2806 465 2849 est
474 2816 559 2867 qnare
567 2799 664 2855 Samia
674 2804 729 2858 tibi
740 2805 871 2859 mentula
877 2809 970 2869 testo,

303 2872 333 2919 si
341 2872 395 2921 tibi
401 2878 460 2924 tam
465 2881 575 2943 gratas,
586 2879 718 2953 Baetice,
735 2902 856 2941 cunnus
865 2881 950 2941 erati

854 2986 876 3035 ll
888 2985 912 3035 2

1111 2829 1139 2976 l
