2750 3450
449 359 765 410 nelonnmmsrum
790 360 860 407 ΗΒ.
887 360 931 407 ΙΧ.
1036 357 1085 409 223

330 492 357 542 at
365 486 520 556 prostitutis
530 485 634 537 laevitas
648 488 730 550 caput
739 483 817 546 eolis,

329 577 379 615 nec
387 563 462 613 vivat
471 560 543 612 ullus
553 560 582 611 in
592 564 640 610 tuo
653 559 727 624 pilus
742 573 827 621 crure,

328 641 496 705 purgentqne
506 635 617 686 crebrae
627 648 696 684 cana
706 633 784 683 labra
793 632 939 685 volsellae:

331 711 437 774 Curios,
449 709 590 772 Camillos,
603 707 754 770 Quinctios,
765 706 986 768 Numantinos,

329 792 357 838 et
366 784 498 852 quidquid
508 799 623 850 usquam
633 782 749 849 legimus
759 782 920 848 pilosorum,

327 861 459 927 loqueris,
470 873 606 925 sonasque
616 856 765 924 grandibus
776 857 869 907 minax
878 857 979 919 verbis,

329 941 357 987 et
367 951 427 986 cum
437 932 551 984 theatris
561 932 708 997 seculoque
718 932 826 982 rixaris.

330 1010 456 1061 Occurrit
466 1007 566 1073 aliquis
576 1007 648 1057 inter
656 1007 712 1056 ista
721 1007 745 1056 si
756 1005 883 1067 draucus,

327 1086 384 1136 iam
395 1083 556 1150 paedagogo
567 1081 708 1143 liberatus,
720 1085 747 1130 et
757 1081 833 1131 cuins

327 1158 485 1212 retibulavit
493 1155 630 1224 turgidum
640 1154 718 1207 faber
727 1170 835 1220 penem:

328 1239 396 1285 nutu
406 1237 532 1284 vocatum
544 1230 629 1293 ducis,
641 1237 668 1280 et
677 1229 762 1295 pudet
770 1229 833 1292 fari,

329 1308 492 1370 Catoniana,
504 1304 624 1368 Chreste,
634 1304 708 1370 qnod
720 1303 791 1355 iacis
800 1304 902 1372 lingna.

501 1419 536 1460 29.
558 1416 746 1474 Epitaphium
764 1416 871 1460 Latini.

292 1494 380 1546 Dulce
390 1493 473 1546 decus
483 1508 589 1557 scenae,
598 1494 725 1545 ludorum
736 1492 820 1556 fama,
830 1492 945 1547 Latinus
969 1520 975 1531 ·

328 1569 377 1620 ille
387 1583 438 1636 ego
449 1569 518 1632 snm,
527 1569 640 1635 plausus
651 1568 820 1635 deliciaeque
829 1574 907 1619 tuae:

296 1644 343 1711 qui
353 1648 534 1710 spectatorem
545 1644 622 1710 potui
633 1642 732 1694 iecisse
742 1642 882 1706 Catonem,

331 1719 436 1771 solvere
447 1719 495 1785 qui
506 1718 603 1771 Curios
613 1717 812 1785 Fabriciosque
825 1734 930 1785 graves

292 1793 348 1846 Sed
357 1792 426 1844 nibil
436 1809 453 1843 a
462 1800 558 1845 nostro
569 1795 667 1845 sumsit
676 1808 737 1843 mea
746 1794 805 1843 vita
813 1792 934 1855 theatro,

331 1874 359 1919 et
368 1867 430 1920 sola
438 1873 544 1919 tuntum
554 1869 677 1919 scenicus
688 1873 746 1919 arte
757 1867 844 1919 seror:

291 1958 344 1995 nec
352 1950 474 2009 poteram
485 1949 578 2011 gratus
589 1944 700 1994 dommo
711 1943 769 1994 sinc
778 1942 901 1994 moribus
911 1957 986 1993 esse:

330 2019 444 2069 interius
454 2024 557 2069 mentes
566 2018 679 2084 inspicit
687 2017 736 2068 ille
746 2018 821 2068 deus.

291 2091 351 2143 Vos
361 2108 404 2143 me
414 2093 544 2159 laurigeri
555 2094 705 2159 parasitum
716 2093 799 2144 dicite
810 2090 924 2153 Phoebi,

330 2165 419 2218 lloma
429 2168 473 2219 sui
482 2167 613 2218 famulum
624 2168 687 2219 dum
697 2170 768 2219 sciat
777 2184 836 2219 esse
849 2167 932 2219 lovis.

480 2281 514 2323 8⁰·
539 2279 724 2335 Epitaphium
742 2278 901 2323 Philaenis.

293 2354 394 2407 Secula
402 2353 554 2408 Nestoreae
563 2372 714 2423 permensa,
724 2356 858 2419 Philaeni,
869 2363 1003 2417 senectae,

330 2435 411 2496 rapta
420 2445 450 2482 cs
459 2431 495 2481 ad
504 2430 624 2483 internas
634 2438 690 2483 tam
702 2433 757 2482 cito
769 2432 842 2481 Ditis
853 2428 955 2495 aqnasi

291 2504 435 2557 Euboicae
443 2506 564 2557 nondum
573 2506 734 2557 numerabas
744 2505 828 2571 longa
838 2503 962 2569 Sibyllae

325 2586 462 2646 tempora:
478 2582 567 2632 maior
576 2587 636 2632 erat
645 2579 782 2630 mensibus
792 2579 843 2629 illa
851 2579 948 2629 tribus.

291 2653 358 2704 Heu
368 2669 437 2720 quae
446 2656 541 2722 lingua
549 2654 624 2706 silet!
645 2653 670 2705 N
672 2670 708 2705 on
717 2654 795 2704 illam
805 2654 880 2704 mille
891 2660 1012 2705 catastae

330 2729 484 2792 vincebant,
494 2745 544 2781 nec
555 2745 624 2795 quae
634 2729 715 2781 turba
725 2728 840 2795 Serapin
851 2735 935 2779 amat:

291 2818 344 2855 nec
353 2804 481 2855 matutini
492 2805 592 2855 cirrata
603 2810 712 2855 caterva
722 2804 854 2871 magistri,

332 2892 382 2931 nec
392 2893 462 2947 quae
472 2876 630 2947 Strymonio
642 2879 675 2931 de
684 2893 766 2947 grege
780 2880 843 2947 ripa
852 2887 941 2931 sonat.
