2750 3450
438 420 761 467 Epiannmmnuun
787 420 858 466 ma.
877 419 908 464 u.
1034 413 1067 466 dd
1120 483 1122 487 .

274 543 391 606 Deinde,
402 544 477 610 quod
487 541 556 595 haec
563 558 618 594 uua
628 544 734 610 peragit
743 543 871 594 librarius
885 541 962 603 bora,

311 632 362 668 nec
371 622 476 668 tantum
486 618 566 684 nugis
576 618 675 668 serviet
683 618 736 668 iste
745 619 821 669 mein.

274 691 372 742 ‘l'ertia
381 707 425 742 ree
434 690 504 743 haec
513 696 562 754 est,
574 691 682 758 quodsi
693 692 737 742 cni
748 691 820 743 forte
829 690 938 759 legeris,

312 766 351 817 eis
362 767 428 816 licet
436 781 522 833 usque
532 767 629 828 malua,
639 781 695 817 non
706 766 819 819 odiosae
828 766 891 816 eris»

274 841 316 892 Te
326 841 442 891 conviva
450 840 523 907 leget
532 841 619 890 mixto
630 841 793 907 quincunce:
807 839 855 890 aed
865 843 937 901 ante,

310 915 428 981 incipiat
437 916 542 982 positus
553 929 634 981 quam
644 914 764 980 tepuisse
775 914 855 964 calix.

274 988 343 1040 Eece
352 989 404 1040 tibi
413 994 490 1040 tanta
501 996 596 1040 cautus
605 989 740 1040 brevitate
749 985 868 1040 videris!

311 1063 367 1114 Hei
376 1062 453 1128 mibi,
464 1078 547 1130 quam
557 1064 650 1114 multia
661 1064 703 1115 cic
713 1078 821 1130 qnoque
830 1064 929 1129 longua
939 1058 1006 1113 eris!

436 1162 457 1201 2.
482 1158 521 1200 Ad
538 1158 687 1201 cumen
707 1159 906 1202 Domitianum.

277 1236 358 1288 crete
368 1235 444 1286 dedit
452 1250 588 1302 magnum,
597 1237 686 1287 maius
697 1236 773 1286 dedit
781 1234 874 1286 Africa
886 1250 994 1298 nomen,

313 1309 407 1375 Scipio
419 1309 492 1376 qaod
502 1311 599 1373 vietor,
615 1310 742 1378 quodque
751 1309 879 1361 Metellus
889 1307 984 1372 habet3

275 1384 404 1438 Nobilius
415 1384 519 1435 domito
529 1385 626 1436 tribuit
641 1384 788 1436 Germania
801 1383 905 1446 Rheno,

313 1465 341 1510 et
350 1475 418 1526 puer
426 1456 480 1510 hoe
490 1459 588 1526 dignus
598 1461 717 1523 nomine,
729 1459 838 1521 Caesar,
851 1474 920 1509 erae.
984 1521 986 1525 Ι

275 1533 374 1587 Frater
382 1533 527 1584 idumaeae
537 1536 636 1585 meruit
645 1550 705 1585 cum
716 1539 793 1600 patre
802 1531 967 1599 tn‘umphoe:

313 1623 384 1676 quae
395 1608 476 1659 datm
485 1622 518 1659 ex
528 1607 614 1660 Dacia
625 1609 727 1672 laurea,
737 1614 798 1659 tota
806 1613 855 1658 tua
864 1612 914 1658 eet.

559 1707 579 1747 3.
604 1703 643 1746 Ad
664 1703 788 1748 Sextum.

277 1780 370 1843 Sexte,
385 1778 452 1830 nihil
464 1780 560 1843 debee3
571 1780 611 1831 nil
622 1780 713 1844 debet,
724 1780 814 1843 Sexte,
823 1779 948 1831 fatemur.

312 1855 404 1907 Debet
413 1855 493 1918 euim,
504 1855 528 1906 ei
539 1855 600 1923 quis
610 1856 725 1918 solvere,
735 1854 825 1918 Sexte,
835 1860 934 1922 potest.

542 1947 562 1985 4.
586 1942 618 1985 lu
634 1943 806 1986 ammianum.

371 2018 394 2069 0
406 2034 485 2085 quam
495 2019 612 2071 blandus
623 2036 660 2082 ea,
670 2019 818 2081 Ammiane,
832 2014 927 2070 matri!

371 2109 451 2159 quam
462 2094 565 2146 blanda
574 2100 616 2147 eet
624 2095 676 2146 tibi
684 2099 780 2156 mater,
790 2090 943 2145 Ammiane!

370 2166 493 2219 Fratrem
503 2175 531 2220 te
541 2175 630 2233 vocat,
642 2175 668 2220 et
677 2184 758 2220 soror
766 2174 888 2220 vocatur.

372 2242 426 2293 Cur
437 2259 487 2295 voe
496 2246 608 2295 nomina
616 2245 750 2311 nequiora
759 2242 891 2310 tanguntt

373 2332 457 2383 quare
467 2333 521 2368 nen
530 2319 607 2369 iuvet
615 2317 676 2381 hec,
688 2318 762 2385 quod
773 2319 847 2381 entis,
859 2315 935 2368 esaei

372 2391 475 2443 Lusum
487 2392 597 2444 creditis
606 2391 668 2457 hoe,
678 2391 841 2459 iocumque?
859 2390 922 2444 Non
933 2398 982 2443 eet.

371 2466 498 2529 Matrem,
509 2481 579 2534 quae
589 2468 664 2534 eupit
673 2482 732 2518 ease
742 2482 772 2518 ee
783 2481 916 2529 acrorem,

371 2557 423 2593 nec
432 2545 545 2592 matrem
555 2543 631 2592 iuvat
640 2556 710 2604 enee,
720 2555 771 2591 nee
780 2556 913 2591 acrorem.

547 2632 567 2672 b.
591 2629 630 2671 Ad
649 2628 810 2671 Decianum.

278 2705 322 2758 Ne
333 2704 449 2767 valeam,
460 2703 484 2755 ei
493 2719 549 2755 nen
557 2705 634 2766 tatia,
645 2704 777 2767 Deciane,
787 2703 893 2767 diebus,

318 2785 347 2831 et
355 2785 445 2830 tecum
455 2778 523 2830 tetii
532 2778 657 2829 nectibus
667 2794 727 2830 esee
736 2779 827 2831 velim.

281 2855 336 2908 Sed
348 2854 403 2905 due
415 2857 487 2915 eunt,
498 2866 568 2918 quae
578 2868 629 2903 noe
638 2852 816 2920 distinguunt,
825 2852 914 2903 millia
922 2847 1049 2919 passim:

320 2934 440 2998 quatuor
448 2926 517 2978 haec
524 2926 602 2994 fluat,
613 2942 674 2981 cum
682 2928 827 2984 rediturus
835 2944 910 2983 eam.

1088 2879 1107 3016 t
