<?xml version="1.0" encoding="UTF-8"?>
<!DOCTYPE html PUBLIC "-//W3C//DTD XHTML 1.0 Transitional//EN"
    "http://www.w3.org/TR/xhtml1/DTD/xhtml1-transitional.dtd">
<html xmlns="http://www.w3.org/1999/xhtml" xml:lang="en" lang="en">
 <head>
  <title>
</title>
<meta http-equiv="Content-Type" content="text/html;charset=utf-8" />
  <meta name='ocr-system' content='tesseract 3.04.00' />
  <meta name='ocr-capabilities' content='ocr_page ocr_carea ocr_par ocr_line ocrx_word'/>
</head>
<body>
  <div class='ocr_page' id='page_1' title='image "./mvaleriimartial03martgoog_0345.png"; bbox 0 0 2750 3450; ppageno 0'>
   <div class='ocr_carea' id='block_1_1' title="bbox 489 799 958 856">
    <p class='ocr_par' dir='ltr' id='par_1_1' title="bbox 489 799 958 856">
     <span class='ocr_line' id='line_1_1' title="bbox 489 799 958 856; baseline 0 0"><span class='ocrx_word' id='word_1_1' title='bbox 489 801 529 856; x_wconf 86' lang='grc' dir='ltr'><strong>Μ.</strong></span> <span class='ocrx_word' id='word_1_2' title='bbox 558 799 657 854; x_wconf 78' lang='lat' dir='ltr'><strong>VAL.</strong></span> <span class='ocrx_word' id='word_1_3' title='bbox 685 800 958 856; x_wconf 69' lang='lat' dir='ltr'><strong>risurum!</strong></span> 
     </span>
    </p>
   </div>
   <div class='ocr_carea' id='block_1_2' title="bbox 324 928 1111 1131">
    <p class='ocr_par' dir='ltr' id='par_1_2' title="bbox 324 928 1111 1131">
     <span class='ocr_line' id='line_1_2' title="bbox 324 928 1111 1005; baseline 0.005 -6"><span class='ocrx_word' id='word_1_4' title='bbox 324 928 1111 1005; x_wconf 81' lang='lat' dir='ltr'><strong>EPIGRAMMATUM</strong></span> 
     </span>
     <span class='ocr_line' id='line_1_3' title="bbox 576 1077 868 1131; baseline 0.003 -1"><span class='ocrx_word' id='word_1_5' title='bbox 576 1077 868 1131; x_wconf 77' lang='lat' dir='ltr'><strong>urusuxuu</strong></span> 
     </span>
    </p>
   </div>
   <div class='ocr_carea' id='block_1_3' title="bbox 508 1200 937 1257">
    <p class='ocr_par' dir='ltr' id='par_1_3' title="bbox 508 1200 937 1257">
     <span class='ocr_line' id='line_1_4' title="bbox 508 1200 937 1257; baseline 0.002 -1"><span class='ocrx_word' id='word_1_6' title='bbox 508 1217 556 1257; x_wconf 79' lang='lat' dir='ltr'><strong>eur</strong></span> <span class='ocrx_word' id='word_1_7' title='bbox 569 1219 675 1256; x_wconf 77' lang='lat' dir='ltr'><strong>xssrs</strong></span> <span class='ocrx_word' id='word_1_8' title='bbox 691 1217 815 1256; x_wconf 71' lang='lat' dir='ltr'><strong>murrum</strong></span> <span class='ocrx_word' id='word_1_9' title='bbox 828 1200 937 1257; x_wconf 72' lang='lat' dir='ltr'><strong>uuus.</strong></span> 
     </span>
    </p>
   </div>
   <div class='ocr_carea' id='block_1_4' title="bbox 600 1449 847 1497">
    <p class='ocr_par' dir='ltr' id='par_1_4' title="bbox 600 1449 847 1497">
     <span class='ocr_line' id='line_1_5' title="bbox 600 1449 847 1497; baseline 0.008 -2"><span class='ocrx_word' id='word_1_10' title='bbox 600 1454 621 1495; x_wconf 85' lang='lat'><strong>1.</strong></span> <span class='ocrx_word' id='word_1_11' title='bbox 644 1450 685 1494; x_wconf 79' lang='lat' dir='ltr'><strong>Ad</strong></span> <span class='ocrx_word' id='word_1_12' title='bbox 702 1449 847 1497; x_wconf 70' lang='lat' dir='ltr'><strong>lectoren.</strong></span> 
     </span>
    </p>
   </div>
   <div class='ocr_carea' id='block_1_5' title="bbox 322 1528 1115 2133">
    <p class='ocr_par' dir='ltr' id='par_1_5' title="bbox 326 1528 991 1686">
     <span class='ocr_line' id='line_1_6' title="bbox 326 1528 949 1612; baseline 0.003 -17"><span class='ocrx_word' id='word_1_13' title='bbox 326 1528 375 1602; x_wconf 88' lang='lat' dir='ltr'><strong>Ne</strong></span> <span class='ocrx_word' id='word_1_14' title='bbox 385 1549 452 1612; x_wconf 80' lang='lat' dir='ltr'><strong>toga</strong></span> <span class='ocrx_word' id='word_1_15' title='bbox 462 1545 593 1612; x_wconf 76' lang='lat' dir='ltr'>cordylis,</span> <span class='ocrx_word' id='word_1_16' title='bbox 602 1560 637 1596; x_wconf 90' lang='lat' dir='ltr'><strong>ue</strong></span> <span class='ocrx_word' id='word_1_17' title='bbox 646 1545 765 1612; x_wconf 76' lang='lat' dir='ltr'><strong>paenula</strong></span> <span class='ocrx_word' id='word_1_18' title='bbox 776 1544 848 1597; x_wconf 90' lang='lat' dir='ltr'><strong>desit</strong></span> <span class='ocrx_word' id='word_1_19' title='bbox 857 1545 949 1612; x_wconf 70' lang='lat' dir='ltr'><strong>olivis,</strong></span> 
     </span>
     <span class='ocr_line' id='line_1_7' title="bbox 365 1619 991 1686; baseline 0.006 -16"><span class='ocrx_word' id='word_1_20' title='bbox 365 1625 413 1670; x_wconf 86' lang='lat' dir='ltr'><strong>aut</strong></span> <span class='ocrx_word' id='word_1_21' title='bbox 420 1620 530 1686; x_wconf 84' lang='lat' dir='ltr'><strong>inopem</strong></span> <span class='ocrx_word' id='word_1_22' title='bbox 541 1625 645 1672; x_wconf 82' lang='lat' dir='ltr'><strong>metuet</strong></span> <span class='ocrx_word' id='word_1_23' title='bbox 654 1619 767 1672; x_wconf 87' lang='lat' dir='ltr'><strong>sordida</strong></span> <span class='ocrx_word' id='word_1_24' title='bbox 776 1620 865 1671; x_wconf 81' lang='lat' dir='ltr'><strong>blatta</strong></span> <span class='ocrx_word' id='word_1_25' title='bbox 873 1619 991 1674; x_wconf 77' lang='lat' dir='ltr'><strong>famemr</strong></span> 
     </span>
    </p>

    <p class='ocr_par' dir='ltr' id='par_1_6' title="bbox 325 1693 1019 1765">
     <span class='ocr_line' id='line_1_8' title="bbox 325 1693 1019 1765; baseline 0.004 -18"><span class='ocrx_word' id='word_1_26' title='bbox 325 1695 431 1763; x_wconf 89' lang='lat' dir='ltr'><strong>perdite</strong></span> <span class='ocrx_word' id='word_1_27' title='bbox 441 1693 574 1761; x_wconf 84' lang='lat' dir='ltr'><strong>Niliacas,</strong></span> <span class='ocrx_word' id='word_1_28' title='bbox 583 1695 689 1759; x_wconf 79' lang='lat' dir='ltr'><strong>Musae,</strong></span> <span class='ocrx_word' id='word_1_29' title='bbox 699 1710 761 1747; x_wconf 84' lang='lat' dir='ltr'><strong>mea</strong></span> <span class='ocrx_word' id='word_1_30' title='bbox 771 1695 870 1747; x_wconf 81' lang='lat' dir='ltr'><strong>damus</strong></span> <span class='ocrx_word' id='word_1_31' title='bbox 879 1710 1019 1765; x_wconf 76' lang='lat' dir='ltr'><strong>papyrus:</strong></span> 
     </span>
    </p>

    <p class='ocr_par' dir='ltr' id='par_1_7' title="bbox 322 1760 983 1836">
     <span class='ocr_line' id='line_1_9' title="bbox 322 1760 983 1836; baseline 0.003 -15"><span class='ocrx_word' id='word_1_32' title='bbox 322 1795 325 1804; x_wconf 95' lang='lat'>·</span> <span class='ocrx_word' id='word_1_33' title='bbox 363 1770 493 1836; x_wconf 82' lang='lat' dir='ltr'><strong>pustulat,</strong></span> <span class='ocrx_word' id='word_1_34' title='bbox 504 1786 575 1835; x_wconf 84' lang='lat' dir='ltr'><strong>ecce,</strong></span> <span class='ocrx_word' id='word_1_35' title='bbox 586 1786 673 1823; x_wconf 85' lang='lat' dir='ltr'><strong>novos</strong></span> <span class='ocrx_word' id='word_1_36' title='bbox 683 1771 957 1823; x_wconf 80' lang='lat' dir='ltr'><strong>ebriebrumasales.</strong></span> <span class='ocrx_word' id='word_1_37' title='bbox 977 1760 983 1774; x_wconf 24' lang='lat' dir='ltr'>x</span> 
     </span>
    </p>

    <p class='ocr_par' dir='ltr' id='par_1_8' title="bbox 326 1844 992 1987">
     <span class='ocr_line' id='line_1_10' title="bbox 326 1844 986 1913; baseline 0.003 -18"><span class='ocrx_word' id='word_1_38' title='bbox 326 1844 389 1895; x_wconf 88' lang='lat' dir='ltr'><strong>Nou</strong></span> <span class='ocrx_word' id='word_1_39' title='bbox 398 1861 459 1896; x_wconf 83' lang='lat' dir='ltr'><strong>mea</strong></span> <span class='ocrx_word' id='word_1_40' title='bbox 468 1847 644 1913; x_wconf 79' lang='lat' dir='ltr'><strong>magnanimo</strong></span> <span class='ocrx_word' id='word_1_41' title='bbox 656 1847 793 1913; x_wconf 80' lang='lat' dir='ltr'>depugnat</span> <span class='ocrx_word' id='word_1_42' title='bbox 801 1851 906 1897; x_wconf 79' lang='lat' dir='ltr'>tessera</span> <span class='ocrx_word' id='word_1_43' title='bbox 915 1846 986 1904; x_wconf 86' lang='lat' dir='ltr'><strong>talo.</strong></span> 
     </span>
     <span class='ocr_line' id='line_1_11' title="bbox 364 1921 992 1987; baseline 0.006 -18"><span class='ocrx_word' id='word_1_44' title='bbox 364 1921 440 1970; x_wconf 90' lang='lat' dir='ltr'><strong>senio</strong></span> <span class='ocrx_word' id='word_1_45' title='bbox 451 1936 501 1971; x_wconf 83' lang='lat' dir='ltr'><strong>nee</strong></span> <span class='ocrx_word' id='word_1_46' title='bbox 510 1927 633 1971; x_wconf 85' lang='lat' dir='ltr'><strong>nostrum</strong></span> <span class='ocrx_word' id='word_1_47' title='bbox 644 1937 704 1972; x_wconf 85' lang='lat' dir='ltr'><strong>eum</strong></span> <span class='ocrx_word' id='word_1_48' title='bbox 715 1936 781 1971; x_wconf 82' lang='lat' dir='ltr'><strong>cene</strong></span> <span class='ocrx_word' id='word_1_49' title='bbox 791 1927 904 1987; x_wconf 80' lang='lat' dir='ltr'><strong>quassat</strong></span> <span class='ocrx_word' id='word_1_50' title='bbox 914 1921 992 1973; x_wconf 86' lang='lat' dir='ltr'><strong>ebur.</strong></span> 
     </span>
    </p>

    <p class='ocr_par' dir='ltr' id='par_1_9' title="bbox 327 1992 1115 2133">
     <span class='ocr_line' id='line_1_12' title="bbox 327 1992 1115 2059; baseline 0.009 -17"><span class='ocrx_word' id='word_1_51' title='bbox 327 1993 404 2044; x_wconf 87' lang='lat' dir='ltr'><strong>Haec</strong></span> <span class='ocrx_word' id='word_1_52' title='bbox 413 1992 480 2045; x_wconf 89' lang='lat' dir='ltr'><strong>mihi</strong></span> <span class='ocrx_word' id='word_1_53' title='bbox 490 1993 585 2046; x_wconf 85' lang='lat' dir='ltr'><strong>charta</strong></span> <span class='ocrx_word' id='word_1_54' title='bbox 593 1994 758 2059; x_wconf 83' lang='lat' dir='ltr'><strong>nuces‚haec</strong></span> <span class='ocrx_word' id='word_1_55' title='bbox 766 2001 808 2045; x_wconf 90' lang='lat' dir='ltr'><strong>est</strong></span> <span class='ocrx_word' id='word_1_56' title='bbox 816 1993 883 2045; x_wconf 86' lang='lat' dir='ltr'><strong>mihi</strong></span> <span class='ocrx_word' id='word_1_57' title='bbox 893 1992 991 2047; x_wconf 73' lang='lat' dir='ltr'><strong>charte</strong></span> <span class='ocrx_word' id='word_1_58' title='bbox 1000 1995 1115 2050; x_wconf 76' lang='lat' dir='ltr'><strong>ffitillss</strong></span> 
     </span>
     <span class='ocr_line' id='line_1_13' title="bbox 363 2068 960 2133; baseline 0.005 -15"><span class='ocrx_word' id='word_1_59' title='bbox 363 2068 430 2119; x_wconf 77' lang='lat' dir='ltr'><strong>Ales</strong></span> <span class='ocrx_word' id='word_1_60' title='bbox 439 2085 490 2120; x_wconf 86' lang='lat' dir='ltr'><strong>nee</strong></span> <span class='ocrx_word' id='word_1_61' title='bbox 500 2069 635 2133; x_wconf 77' lang='lat' dir='ltr'><strong>damnum,</strong></span> <span class='ocrx_word' id='word_1_62' title='bbox 645 2086 696 2121; x_wconf 91' lang='lat' dir='ltr'><strong>nec</strong></span> <span class='ocrx_word' id='word_1_63' title='bbox 706 2069 774 2121; x_wconf 81' lang='lat' dir='ltr'><strong>fecit</strong></span> <span class='ocrx_word' id='word_1_64' title='bbox 781 2072 837 2121; x_wconf 80' lang='lat' dir='ltr'><strong>istu</strong></span> <span class='ocrx_word' id='word_1_65' title='bbox 845 2070 960 2122; x_wconf 82' lang='lat' dir='ltr'><strong>lucrum.</strong></span> 
     </span>
    </p>
   </div>
   <div class='ocr_carea' id='block_1_6' title="bbox 577 2190 868 2234">
    <p class='ocr_par' dir='ltr' id='par_1_10' title="bbox 577 2190 868 2234">
     <span class='ocr_line' id='line_1_14' title="bbox 577 2190 868 2234; baseline 0.003 -1"><span class='ocrx_word' id='word_1_66' title='bbox 577 2194 597 2233; x_wconf 82' lang='lat'><strong>².</strong></span> <span class='ocrx_word' id='word_1_67' title='bbox 620 2190 652 2233; x_wconf 86' lang='lat' dir='ltr'><strong>lu</strong></span> <span class='ocrx_word' id='word_1_68' title='bbox 671 2192 868 2234; x_wconf 73' lang='lat' dir='ltr'><strong>detractorem.</strong></span> 
     </span>
    </p>
   </div>
   <div class='ocr_carea' id='block_1_7' title="bbox 284 2281 1048 2809">
    <p class='ocr_par' dir='ltr' id='par_1_11' title="bbox 284 2281 1048 2809">
     <span class='ocr_line' id='line_1_15' title="bbox 326 2281 958 2352; baseline 0.009 -20"><span class='ocrx_word' id='word_1_69' title='bbox 326 2281 447 2333; x_wconf 83' lang='lat' dir='ltr'><strong>Nasutus</strong></span> <span class='ocrx_word' id='word_1_70' title='bbox 458 2283 496 2334; x_wconf 87' lang='lat' dir='ltr'><strong>sis</strong></span> <span class='ocrx_word' id='word_1_71' title='bbox 506 2300 591 2352; x_wconf 88' lang='lat' dir='ltr'><strong>usque</strong></span> <span class='ocrx_word' id='word_1_72' title='bbox 601 2285 675 2350; x_wconf 85' lang='lat' dir='ltr'><strong>licet,</strong></span> <span class='ocrx_word' id='word_1_73' title='bbox 691 2286 729 2337; x_wconf 88' lang='lat' dir='ltr'><strong>sis</strong></span> <span class='ocrx_word' id='word_1_74' title='bbox 740 2285 855 2352; x_wconf 87' lang='lat' dir='ltr'><strong>denique</strong></span> <span class='ocrx_word' id='word_1_75' title='bbox 864 2301 958 2350; x_wconf 79' lang='lat' dir='ltr'><strong>nasus,</strong></span> 
     </span>
     <span class='ocr_line' id='line_1_16' title="bbox 365 2358 920 2428; baseline 0.013 -22"><span class='ocrx_word' id='word_1_76' title='bbox 365 2362 492 2423; x_wconf 87' lang='lat' dir='ltr'><strong>quantum</strong></span> <span class='ocrx_word' id='word_1_77' title='bbox 504 2358 623 2410; x_wconf 87' lang='lat' dir='ltr'><strong>uoluerit</strong></span> <span class='ocrx_word' id='word_1_78' title='bbox 631 2359 702 2411; x_wconf 82' lang='lat' dir='ltr'><strong>serre</strong></span> <span class='ocrx_word' id='word_1_79' title='bbox 712 2366 824 2428; x_wconf 81' lang='lat' dir='ltr'><strong>rogatus</strong></span> <span class='ocrx_word' id='word_1_80' title='bbox 834 2358 920 2425; x_wconf 77' lang='lat' dir='ltr'><strong>Atlas,</strong></span> 
     </span>
     <span class='ocr_line' id='line_1_17' title="bbox 328 2433 874 2500; baseline 0.009 -19"><span class='ocrx_word' id='word_1_81' title='bbox 328 2438 355 2481; x_wconf 88' lang='lat' dir='ltr'><strong>et</strong></span> <span class='ocrx_word' id='word_1_82' title='bbox 364 2433 454 2497; x_wconf 85' lang='lat' dir='ltr'><strong>possis</strong></span> <span class='ocrx_word' id='word_1_83' title='bbox 463 2433 553 2499; x_wconf 90' lang='lat' dir='ltr'><strong>ipsum</strong></span> <span class='ocrx_word' id='word_1_84' title='bbox 562 2440 593 2485; x_wconf 87' lang='lat' dir='ltr'><strong>tu</strong></span> <span class='ocrx_word' id='word_1_85' title='bbox 603 2434 726 2486; x_wconf 90' lang='lat' dir='ltr'><strong>deridere</strong></span> <span class='ocrx_word' id='word_1_86' title='bbox 735 2434 874 2500; x_wconf 87' lang='lat' dir='ltr'><strong>Latinum,</strong></span> 
     </span>
     <span class='ocr_line' id='line_1_18' title="bbox 284 2509 925 2577; baseline 0.009 -22"><span class='ocrx_word' id='word_1_87' title='bbox 284 2571 286 2575; x_wconf 14' lang='grc' dir='ltr'><em>Α</em></span> <span class='ocrx_word' id='word_1_88' title='bbox 364 2522 419 2556; x_wconf 83' lang='grc' dir='ltr'>ιιοιι</span> <span class='ocrx_word' id='word_1_89' title='bbox 429 2514 508 2573; x_wconf 88' lang='lat' dir='ltr'><strong>potes</strong></span> <span class='ocrx_word' id='word_1_90' title='bbox 518 2509 547 2558; x_wconf 92' lang='lat' dir='ltr'><strong>iu</strong></span> <span class='ocrx_word' id='word_1_91' title='bbox 555 2524 641 2576; x_wconf 77' lang='lat' dir='ltr'><strong>nugas</strong></span> <span class='ocrx_word' id='word_1_92' title='bbox 652 2509 741 2561; x_wconf 83' lang='lat' dir='ltr'><strong>dicere</strong></span> <span class='ocrx_word' id='word_1_93' title='bbox 751 2511 831 2577; x_wconf 85' lang='lat' dir='ltr'><strong>plura</strong></span> <span class='ocrx_word' id='word_1_94' title='bbox 840 2523 925 2573; x_wconf 85' lang='lat' dir='ltr'><strong>meas,</strong></span> 
     </span>
     <span class='ocr_line' id='line_1_19' title="bbox 327 2580 1048 2648; baseline 0.006 -16"><span class='ocrx_word' id='word_1_95' title='bbox 327 2580 386 2647; x_wconf 87' lang='lat' dir='ltr'><strong>ipse</strong></span> <span class='ocrx_word' id='word_1_96' title='bbox 398 2596 448 2647; x_wconf 88' lang='lat' dir='ltr'><strong>ego</strong></span> <span class='ocrx_word' id='word_1_97' title='bbox 460 2597 540 2648; x_wconf 84' lang='lat' dir='ltr'><strong>quum</strong></span> <span class='ocrx_word' id='word_1_98' title='bbox 552 2583 617 2633; x_wconf 84' lang='lat' dir='ltr'>dixi.</span> <span class='ocrx_word' id='word_1_99' title='bbox 647 2583 721 2645; x_wconf 77' lang='lat' dir='ltr'><strong>Quid</strong></span> <span class='ocrx_word' id='word_1_100' title='bbox 732 2585 837 2636; x_wconf 83' lang='lat' dir='ltr'><strong>dentem</strong></span> <span class='ocrx_word' id='word_1_101' title='bbox 849 2586 929 2637; x_wconf 89' lang='lat' dir='ltr'><strong>dente</strong></span> <span class='ocrx_word' id='word_1_102' title='bbox 938 2586 1048 2638; x_wconf 79' lang='lat' dir='ltr'><strong>iuvabit</strong></span> 
     </span>
     <span class='ocr_line' id='line_1_20' title="bbox 361 2655 1008 2727; baseline 0.003 -19"><span class='ocrx_word' id='word_1_103' title='bbox 361 2655 478 2708; x_wconf 70' lang='lat' dir='ltr'><strong>roderet</strong></span> <span class='ocrx_word' id='word_1_104' title='bbox 499 2656 587 2711; x_wconf 83' lang='lat' dir='ltr'><strong>Carne</strong></span> <span class='ocrx_word' id='word_1_105' title='bbox 599 2674 669 2727; x_wconf 71' lang='lat' dir='ltr'><strong>uuus</strong></span> <span class='ocrx_word' id='word_1_106' title='bbox 679 2660 849 2722; x_wconf 57' lang='lat' dir='ltr'><strong>emissem</strong></span> <span class='ocrx_word' id='word_1_107' title='bbox 859 2675 920 2709; x_wconf 80' lang='lat' dir='ltr'><strong>esse</strong></span> <span class='ocrx_word' id='word_1_108' title='bbox 926 2660 1008 2710; x_wconf 76' lang='lat' dir='ltr'><strong>setis.</strong></span> 
     </span>
     <span class='ocr_line' id='line_1_21' title="bbox 314 2729 1003 2809; baseline 0.004 -22"><span class='ocrx_word' id='word_1_109' title='bbox 314 2731 359 2787; x_wconf 89' lang='lat' dir='ltr'><strong>Ne</strong></span> <span class='ocrx_word' id='word_1_110' title='bbox 366 2734 476 2804; x_wconf 83' lang='lat' dir='ltr'><strong>perdas</strong></span> <span class='ocrx_word' id='word_1_111' title='bbox 490 2753 622 2809; x_wconf 76' lang='lat' dir='ltr'><strong>operam:</strong></span> <span class='ocrx_word' id='word_1_112' title='bbox 639 2736 692 2803; x_wconf 71' lang='lat' dir='ltr'><strong>qu&#39;s</strong></span> <span class='ocrx_word' id='word_1_113' title='bbox 699 2749 731 2786; x_wconf 83' lang='lat' dir='ltr'><strong>se</strong></span> <span class='ocrx_word' id='word_1_114' title='bbox 740 2729 1003 2807; x_wconf 50' lang='lat' dir='ltr'><strong>summm</strong></span> 
     </span>
    </p>
   </div>
   <div class='ocr_carea' id='block_1_8' title="bbox 234 2792 1012 2984">
    <p class='ocr_par' dir='ltr' id='par_1_12' title="bbox 234 2792 1012 2984">
     <span class='ocr_line' id='line_1_22' title="bbox 234 2792 1012 2984; baseline -0.073 -89"><span class='ocrx_word' id='word_1_115' title='bbox 234 2814 430 2984; x_wconf 51' lang='grc' dir='ltr'><strong>ΛΑΝ</strong></span> <span class='ocrx_word' id='word_1_116' title='bbox 441 2813 536 2873; x_wconf 78' lang='lat' dir='ltr'><strong>habe:</strong></span> <span class='ocrx_word' id='word_1_117' title='bbox 555 2806 848 2871; x_wconf 73' lang='lat' dir='ltr'><strong>uostrueenss&#39;smus</strong></span> <span class='ocrx_word' id='word_1_118' title='bbox 857 2792 1012 2848; x_wconf 63' lang='lat' dir='ltr'><strong>essedum.</strong></span> 
     </span>
    </p>
   </div>
   <div class='ocr_carea' id='block_1_9' title="bbox 0 0 1385 3450">
    <p class='ocr_par' dir='ltr' id='par_1_13' title="bbox 0 0 1385 3450">
     <span class='ocr_line' id='line_1_23' title="bbox 0 0 1385 3450; baseline 0 0"><span class='ocrx_word' id='word_1_119' title='bbox 0 0 1385 3450; x_wconf 95' lang='lat' dir='ltr'><strong> </strong></span> 
     </span>
    </p>
   </div>
  </div>
 </body>
</html>
