2750 3450
311 394 360 444 124
600 392 812 438 attonitus

313 518 447 570 Cornibus
457 514 501 567 hic
511 516 610 582 pendet
619 516 744 566 summis:
759 531 845 583 vagus
860 517 909 567 ille
920 533 974 584 per
985 533 1081 570 armos

349 593 442 656 currit,
453 596 479 642 et
488 592 517 641 in
528 596 589 641 toto
600 591 716 641 ventilat
726 606 802 641 arma
810 591 891 642 bove.

311 670 346 719 rlt
355 668 450 718 feritas
460 667 575 716 imnrota
584 665 663 732 riget.
684 665 747 717 Non
758 672 830 717 esset
840 681 926 716 arena

347 744 442 806 tutior,
453 747 480 792 et
489 746 617 807 poterant
625 739 722 791 fallere
733 741 815 806 plana
825 740 924 808 magis.

311 817 368 869 Nec
378 817 517 883 trepidant
526 820 631 883 gestus:
647 816 696 866 sed
707 816 740 866 de
752 816 908 868 discrimine
919 814 1038 882 palmae

347 909 458 945 securus
469 906 536 957 puer
545 895 595 952 est,
606 890 809 957 sollicitumque
821 906 914 957 pecus.

474 999 508 1038 32.
533 995 574 1038 Ad
589 995 766 1044 Farrstinum,
783 996 815 1037 de
831 995 944 1050 Crispo.

312 1074 497 1135 Quadrantem
508 1072 620 1138 Crispus
629 1071 741 1134 tabulis,
752 1071 892 1134 Faustine,
903 1072 1047 1138 supremis

347 1165 402 1201 nou
413 1146 489 1201 dedit
498 1148 588 1197 amori.
619 1146 670 1198 Gui
680 1147 757 1198 dedit
766 1143 848 1215 ergoi
868 1147 932 1198 sibi.

562 1247 596 1286 33.
620 1243 651 1285 ln
670 1245 849 1289 causidicum.

310 1325 428 1389 Carpere
439 1321 593 1372 causidicus
602 1320 688 1372 fertur
697 1336 759 1371 mea
774 1321 908 1371 carmina:
924 1321 975 1388 qui
986 1321 1027 1372 eit

346 1398 452 1449 nescio:
468 1397 493 1446 si
503 1397 601 1458 sciero,
611 1411 662 1447 vae
670 1396 733 1459 tibi,
745 1395 891 1446 causidice.

323 1490 357 1528 34.
381 1483 566 1539 Epitaphium
586 1483 678 1525 Erotii
699 1485 733 1525 ad
752 1485 921 1526 Frontonem
939 1490 1096 1538 parentem.

309 1563 390 1613 Hanc
399 1562 459 1624 tibi,
469 1560 574 1612 Fronto
586 1566 671 1626 pater,
686 1560 804 1628 genitrix
814 1557 951 1609 Flaccilla
960 1560 1093 1627 puellam,

348 1637 443 1688 oscula
456 1636 616 1687 commendo
637 1636 805 1701 deliciasque
814 1649 904 1683 meas:

310 1711 422 1780 paulula
432 1728 465 1763 ne
475 1712 568 1779 nigras
579 1708 722 1763 horrescat
731 1709 848 1762 Erotion
859 1708 982 1775 umbras,

348 1803 450 1854 oraque
464 1788 591 1838 'l'artarei
601 1787 763 1854 prodigiosa
773 1784 857 1836 caum.
1009 1818 1020 1847 ,

310 1863 458 1929 impletura
467 1861 520 1912 fuit
530 1867 624 1912 sextae
634 1862 718 1913 modo
729 1860 835 1927 frigora
844 1860 973 1923 bruniae3
1020 1901 1024 1911 .

347 1939 463 1988 vixisset
472 1938 587 1987 totidem
599 1937 627 1985 ni
635 1937 725 1987 minus
735 1935 786 1986 illa
796 1935 863 1986 dies.

310 2012 382 2063 luter
392 2019 448 2062 tam
457 2018 562 2063 veteres
573 2010 651 2060 ludat
660 2011 766 2061 lasciva
776 2014 918 2076 patronos,

347 2094 375 2138 et
384 2102 482 2138 nomen
492 2086 587 2136 blaeso
598 2086 703 2151 garriat
714 2100 761 2136 ore
770 2099 867 2134 meum.

310 2161 410 2213 Mollia
419 2177 469 2211 nec
478 2161 583 2227 rigidus
596 2176 689 2226 cespes
699 2165 775 2228 tegat
786 2174 858 2220 ossa,
869 2156 985 2234 necilli,

346 2244 429 2299 terra,
439 2236 530 2302 gravis
541 2234 638 2285 fueris:
654 2250 709 2286 non
720 2235 773 2285 luit
782 2234 832 2284 illa
844 2232 904 2283 tibi.
1039 2229 1042 2235 '

584 2325 619 2364 ³5.
644 2322 683 2365 De
704 2321 831 2364 Euclide.

382 2392 454 2442 Dum
465 2392 519 2444 sibi
529 2390 619 2442 redire
630 2392 662 2443 de
673 2390 850 2442 Patrensibus
860 2387 953 2442 fundis

382 2468 488 2519 ducena
498 2466 599 2518 clamat
610 2460 767 2519 coccinatus
778 2464 915 2527 Euclides,

383 2540 580 2607 Corinthioque
591 2541 670 2607 plura
680 2541 714 2593 de
725 2540 896 2591 suburbano:

383 2618 547 2684 longumque
558 2615 671 2682 pulchra
681 2623 797 2669 stemma
806 2616 905 2683 repetit
916 2630 934 2667 a
941 2613 1034 2682 Leda,

383 2698 410 2743 et
421 2692 565 2742 suscitanti
575 2690 672 2743 Lectio
682 2692 846 2742 reluctatur:

377 2767 466 2835 equiti
475 2765 605 2836 superbo,
615 2766 717 2833 nobili,
726 2765 875 2833 locupleti,

365 2845 474 2898 cecidit
482 2851 603 2916 repente
613 2859 724 2915 magna
733 2843 769 2895 de
782 2843 850 2895 sinu
859 2835 959 2890 clauls.

349 2918 525 2994 Nunquam,
538 2924 684 2989 Fabulle,
694 2920 823 2989 nequior
832 2914 892 2965 tuit
900 2905 1007 2960 clasis·
