2750 3450
416 400 733 448 EPIGRAMMATUM
751 401 821 448 ma.
841 402 905 448 vui

458 524 493 564 28.
518 520 557 563 De
576 519 772 563 Parthenium
790 524 862 573 toga.

267 614 328 679 Die,
338 619 415 682 tuga,
425 612 537 666 facundi
546 619 653 681 gratum
664 614 731 665 mihi
741 631 836 665 munus
848 615 939 680 amici,

304 704 364 740 eree
376 688 445 740 velie
455 690 532 739 euius
542 687 616 739 fama
627 689 762 755 decusque
771 688 879 756 gregis!

267 763 355 831 Apula
364 762 469 815 Ledaei
479 760 531 817 ubi
541 763 634 814 floruit
643 761 727 814 herba
736 762 872 826 Phalanti,

304 853 359 905 qua
368 843 475 889 saturat
484 837 609 889 Calabris
619 839 693 889 culta
704 837 819 888 Gulosus
831 837 925 904 aquini

269 927 302 963 an
313 912 503 963 Tartessiacas
517 912 619 964 stabuli
629 914 748 963 nutritor
757 912 830 963 Iberi

303 987 399 1038 Baetin
407 987 437 1037 in
447 986 582 1054 lleeperia
592 993 620 1036 te
630 1003 739 1054 quoque
751 987 820 1038 lavit
830 985 897 1038 urei

268 1077 303 1113 an
311 1068 361 1112 tua
374 1060 537 1112 multifidum
547 1063 700 1112 numeravit
709 1062 774 1112 lana
785 1062 938 1126 Timavum,

304 1150 383 1204 quem
395 1136 470 1202 prius
481 1134 607 1188 astrifero
618 1135 745 1202 Cyllanu
757 1152 804 1188 ore
813 1135 900 1187 bibiti

267 1211 308 1262 Te
317 1225 369 1262 nee
378 1210 527 1277 Amyclaeo
538 1210 629 1262 decuit
638 1210 723 1263 livere
733 1226 850 1263 veneno:

303 1300 355 1337 nee
363 1283 475 1337 Miletus
485 1290 544 1337 erat
553 1285 652 1337 vellere
662 1285 746 1353 dignu
755 1292 813 1338 tuo.

266 1360 343 1411 Lilia
352 1365 382 1411 tu
392 1361 487 1424 vineit,
497 1375 548 1411 uee
558 1357 647 1411 adhuc
656 1360 770 1427 delapsa
778 1361 902 1428 ligustra,

303 1440 332 1486 et
342 1435 488 1486 'libtutiuo
499 1440 591 1486 mente
601 1435 674 1502 quod
686 1435 760 1487 albet
770 1436 845 1487 ebur.

266 1511 418 1577 Spartanus
427 1510 480 1561 tibi
490 1510 568 1560 cedet
579 1509 648 1572 olor,
659 1508 834 1576 Paphiaeque
849 1511 1005 1574 culumbae;

305 1583 385 1636 cedet
395 1582 555 1651 Erythraeis
565 1591 642 1635 eruta
650 1599 758 1652 gemma
767 1585 854 1636 vadis.

270 1659 322 1710 ied
333 1659 399 1710 lieet
408 1657 476 1709 haec
484 1658 579 1726 primia
590 1659 699 1710 nivibus
709 1661 764 1710 eint
774 1658 882 1709 aemuia
892 1659 973 1725 dona,

303 1749 359 1786 uon
369 1740 432 1785 eunt
440 1732 587 1786 Parthenio
599 1735 761 1785 candidiora
770 1750 829 1786 uuo.

280 1808 330 1861 iun
342 1823 393 1875 ego
405 1809 578 1875 praetulerim
587 1809 762 1875 Babylonica
774 1810 849 1876 picta
859 1808 972 1874 superbe

301 1889 388 1947 texta,
399 1882 560 1934 Semiramiu
570 1899 640 1949 quae
649 1884 790 1934 variantur
799 1898 858 1933 acu.

288 1957 330 2010 'on
339 1954 519 2009 Athamanteo
530 1959 621 2024 potius
631 1974 674 2009 me
684 1960 766 2009 mirer
774 1959 804 2009 in
815 1972 896 2019 auro;

303 2032 428 2097 Aeolium
440 2032 526 2083 dones
536 2033 559 2083 si
569 2032 645 2096 mihi,
656 2031 772 2100 Phryxe,
782 2047 873 2100 pecus.

302 2113 419 2174 quantoe
429 2108 500 2157 risus
511 2108 614 2173 pariter
622 2114 745 2174 spectatu
754 2108 876 2161 movebit

303 2183 370 2233 trita
378 2180 507 2232 Palatina
517 2187 611 2233 nostra
623 2183 734 2234 lacerna
741 2180 820 2252 tuga!

531 2307 565 2345 29.
590 2304 627 2345 De
648 2303 793 2347 diutiehir.

319 2391 395 2446 tiehu
406 2395 452 2461 qui
462 2396 566 2459 scribit,
577 2403 652 2463 puto,
662 2398 722 2448 vult
732 2398 866 2448 brevitate
877 2398 983 2463 plaeere

320 2469 380 2532 inid
389 2469 502 2537 prodest
511 2469 640 2534 brevitas,
652 2471 697 2522 die
706 2469 782 2534 mihi,
793 2471 817 2521 si
826 2471 896 2521 liber
906 2470 963 2521 esti

428 2594 464 2633 ³⁰.
488 2592 527 2634 De
547 2590 715 2647 spectaculo
733 2589 897 2634 Scaevolae.

335 2699 406 2735 nune
415 2683 566 2736 Caesareae
576 2685 652 2736 lusus
662 2690 800 2752 spectatur
810 2699 917 2746 arenae,

339 2759 475 2826 nporibue
484 2758 563 2809 Bruti
575 2760 666 2826 gloria
676 2774 781 2810 summa
790 2757 851 2809 tuit.

343 2833 404 2897 ieie,
415 2840 446 2884 ut
453 2839 546 2884 teneat
554 2832 686 2897 flammas,
696 2848 839 2902 poenaque
849 2830 955 2884 fruatur

348 2908 396 2973 tie,
407 2913 435 2960 et
445 2908 563 2959 attonitu
573 2914 668 2976 regnet
677 2909 705 2960 in
716 2909 778 2977 lgue
791 2904 901 2960 manuni

1012 403 1026 451 i
