2750 3450
369 376 690 423 arianimirum
715 375 784 422 mu.
809 376 841 423 X.
953 376 1004 426 2⁷5

488 494 586 538 ΜΗ
607 492 725 537 Gallam.

255 577 343 624 antem
353 572 405 623 tibi
414 572 465 635 vir,
475 571 537 634 tibi,
549 569 639 634 Gallu,
648 571 755 622 remisit
764 571 878 622 adulter.

255 647 297 704 lli.
306 653 382 715 puto,
392 661 449 698 non
459 646 541 697 dubie
550 660 579 697 se
587 644 704 697 futuisse
712 651 821 713 negant.

490 750 524 793 96.
551 742 592 791 sel
607 743 725 792 [vitun.

255 844 299 895 epe
308 828 407 895 loquar
416 826 528 877 nimium
538 831 633 893 gentes
642 825 725 892 quod,
738 827 826 890 Avite,
837 833 966 889 remotas,

255 904 366 965 miraris,
377 901 461 952 Latia
470 900 559 952 laetus
567 901 598 950 in
606 900 673 951 urbo
682 912 778 963 senen

255 978 413 1044 ‚ifemmque
422 975 529 1042 'rogum
538 975 640 1038 sitiam,
650 977 823 1042 patriumque
834 975 972 1037 Suelleni,

255 1057 275 1102 et
285 1057 406 1118 repetam
416 1056 525 1103 saturae
535 1050 648 1101 sordida
657 1065 723 1101 mua
732 1065 821 1102 ousae.

255 1143 263 1176 ι
272 1127 362 1193 placet
371 1125 462 1187 tellus,
472 1125 501 1175 in
512 1139 567 1191 que
575 1140 619 1175 res
629 1139 715 1191 parva
723 1125 831 1176 beatum

255 1216 290 1250 ne
300 1200 376 1262 lacit,
386 1205 414 1251 et
422 1205 516 1250 tennes
525 1198 697 1250 luxuriantur
707 1214 781 1266 opos.

255 1275 336 1325 scitur
345 1273 399 1337 hie,
408 1275 448 1324 ibi
459 1275 548 1339 pascit
557 1287 634 1340 ager:
649 1279 724 1340 tepet
731 1275 795 1341 igne
803 1274 924 1341 maligno

255 1351 293 1400 iio
302 1348 389 1411 loeus,
399 1349 503 1414 ingenti
512 1348 613 1398 lumine
622 1347 696 1399 lueet
704 1349 753 1399 ibi.

255 1425 397 1489 apretiosa
405 1418 501 1485 fames,
511 1423 742 1490 conturbatorque
750 1423 891 1485 macellus,
960 1457 965 1470 ,

255 1513 341 1548 neusa
350 1499 391 1548 ibi
400 1497 506 1547 divitiis
516 1498 587 1548 ruris
598 1503 696 1563 operta
705 1499 757 1548 sui.

257 1580 338 1623 atuor
346 1571 392 1622 hic
403 1576 507 1622 aestate
517 1577 609 1638 togae,
620 1571 745 1636 pluresve
755 1577 891 1632 teruntur3
920 1602 924 1611 ·

255 1647 386 1697 iutumnis
395 1645 434 1696 ibi
445 1658 487 1696 me
498 1648 615 1711 quatuor
625 1660 679 1695 una
688 1645 766 1712 tegit.

255 1721 304 1773 zole
314 1737 385 1772 nunc
392 1729 485 1787 reges:
500 1717 633 1786 quidquid
643 1733 698 1771 nun
708 1724 831 1786 praestat
841 1718 953 1783 amicus,

255 1812 309 1848 :um
320 1801 459 1862 praestare
468 1793 520 1845 tibi
531 1794 627 1860 possit,
637 1791 725 1857 Atlte,
735 1794 822 1845 locus.

502 1902 536 1943 ei.
560 1899 602 1942 Do
618 1899 712 1941 Numa.

255 1992 282 2025 m
295 1975 364 2026 levis
374 1990 469 2027 arsura
478 1976 591 2026 struitur
603 1975 727 2027 Libitina
737 1990 853 2041 papyro,

255 2051 310 2101 lurn
320 2048 458 2115 myrrham
469 2055 496 2101 et
507 2051 610 2101 casiam
621 2050 720 2102 flebilis
729 2060 801 2100 uxor
811 2050 889 2099 emit:

255 2141 266 2174 n
275 2124 381 2188 scrobe,
390 2125 446 2175 iam
456 2124 537 2188 lecto,
546 2126 601 2176 lam
612 2125 777 2191 pollinctore
786 2127 894 2190 parato,

255 2199 373 2251 ‘ieredem
385 2199 496 2265 scripsit
504 2215 548 2250 rne
557 2199 659 2251 Numa:
675 2199 821 2251 convaluit.

483 2288 518 2329 98.
542 2285 574 2329 In
592 2286 729 2330 Publium.

303 2361 393 2413 Addat
403 2377 463 2413 cum
473 2360 539 2413 milli
549 2363 702 2415 Caecubum
712 2363 845 2424 minister,

304 2436 386 2489 ldaeo
397 2438 547 2488 resolutior
557 2439 681 2501 cinaedo,

304 2526 358 2577 quo
370 2526 419 2564 neo
429 2512 489 2562 lilia
499 2511 608 2574 cultior,
618 2528 668 2563 nec
680 2524 760 2573 uxor,

302 2601 354 2636 neo
363 2591 450 2637 mater
459 2593 517 2647 tua,
527 2601 578 2637 noc
588 2602 668 2638 soror
677 2585 823 2636 recumbit=

304 2660 346 2711 vis
357 2666 475 2727 spectem
486 2661 579 2727 potius
587 2666 649 2712 tuas
659 2662 794 2722 lacernas,

305 2741 332 2785 et
342 2736 439 2786 citrum
449 2741 535 2799 vetus,
546 2736 709 2802 iudicesque
719 2732 830 2786 dentesl

306 2807 453 2876 Suspectus
463 2810 514 2860 tibi
525 2826 558 2861 ne
567 2817 658 2862 tamen
669 2808 834 2871 recumbam,

304 2889 414 2950 praesta
424 2884 459 2935 de
467 2899 550 2952 grege
559 2886 726 2952 sordidaque
736 2883 803 2935 villa

763 2978 813 3025 S‘l
