2750 3450
328 408 378 461 136
616 408 829 455 luARTlshls

420 534 476 597 sed,
488 534 561 600 quod
571 549 625 583 non
636 548 718 599 grave
729 533 773 593 sit,
784 548 833 581 nee
842 533 1001 598 inficetum,

419 609 497 675 parvi
507 609 576 658 tibia
587 609 699 673 condyli
708 607 825 656 sonabit.

419 682 496 733 Haeo
506 689 547 732 est
558 682 680 733 coenula.
702 680 843 730 Claudiam
856 683 1001 746 sequeris:

420 773 500 823 quam
511 757 591 806 nobis
602 758 677 822 cupis
688 771 748 805 esse
758 761 784 804 te
795 755 927 820 priorem.

608 879 641 918 le.
665 875 697 916 In
714 873 831 917 Zoilum.

327 953 460 1004 Undecies
470 969 524 1003 una
534 953 658 1014 srurexti,
668 952 754 1013 Zoilo,
766 966 864 1012 coena3

364 1034 391 1078 et
400 1033 504 1078 mutata
514 1029 565 1077 tibi
576 1033 617 1077 est
625 1025 761 1092 synthesis
773 1025 918 1076 undecies:
1050 1083 1052 1087 v

328 1103 413 1153 sudor
421 1101 575 1152 inhaereret
583 1102 695 1151 madida
704 1116 737 1151 ne
747 1105 821 1150 veste
831 1106 968 1165 retentus,

365 1182 392 1226 et
402 1178 492 1226 laxam
502 1176 592 1226 tenuis
602 1176 724 1226 laederet
734 1190 800 1224 arira
811 1181 910 1224 cutem.

329 1250 418 1311 Quare
430 1265 480 1318 ego
490 1267 545 1301 non
555 1251 635 1312 sudo,
646 1251 799 1316 quitatum,
809 1248 897 1312 Zoile,
910 1251 1020 1302 coeno!

363 1325 460 1392 Frigus
471 1327 541 1375 enim
551 1340 678 1392 maguum
689 1322 824 1390 synthesis
838 1339 893 1373 una
903 1324 985 1375 facit.

590 1440 626 1479 80.
651 1435 691 1477 Ad
710 1435 848 1478 Severum.

399 1512 462 1565 Non
471 1519 558 1564 totam
568 1511 644 1575 mihi,
656 1514 679 1562 si
689 1513 809 1574 vacabis,
820 1509 919 1562 horam

400 1588 493 1651 dones,
505 1593 532 1637 et
541 1588 607 1638 licet
615 1589 740 1653 imputes,
752 1586 858 1644 Severe.

400 1663 463 1712 dum
473 1668 580 1712 nostras
590 1662 658 1729 legis
669 1662 809 1729 exigisque
817 1675 915 1728 nugas.
949 1660 951 1666 '

398 1738 503 1788 Durum
513 1743 554 1788 est
564 1738 675 1803 perdere
685 1736 786 1787 feriant·
794 1751 935 1802 rogamus,

399 1814 532 1864 iacturam
543 1813 658 1877 patiaris
669 1810 748 1873 hane,
759 1810 895 1876 ferasque.

402 1887 481 1948 Quod
492 1888 516 1937 si
526 1888 626 1953 legeris
636 1887 695 1952 ipse
706 1903 764 1936 curn
776 1885 879 1935 diserto

400 1963 459 2025 (sed
470 1962 600 2027 numquid
615 1977 706 2011 sumus
720 1958 867 2025 improbil)
893 1959 1035 2025 Secundo,

399 2036 460 2103 plus
471 2037 555 2085 multo
566 2036 617 2085 tihi
628 2036 766 2085 debiturus
777 2032 822 2083 hie
832 2041 882 2096 est,

400 2126 479 2176 quam
492 2110 571 2160 debet
581 2110 692 2160 domino
703 2126 753 2160 suo
763 2108 882 2158 libellus.

399 2184 470 2236 Nam
481 2200 590 2234 securus
601 2185 661 2245 erit,
672 2199 722 2233 nee
731 2183 854 2248 inquieta

399 2260 467 2309 lassi
476 2273 613 2309 marmora
623 2256 735 2324 Sisyphi
743 2257 859 2318 videbit3

401 2350 478 2400 quem
491 2334 616 2383 sensoria
627 2348 685 2382 cum
698 2347 758 2381 meo
769 2330 869 2381 Severo
942 2329 957 2344 ’·

400 2409 475 2459 docti
486 2409 552 2457 lima
561 2407 741 2458 momorderit
751 2405 876 2456 Secundi.
915 2402 918 2443 ἱ

569 2516 602 2554 Sl.
626 2512 666 2552 Ad
684 2509 879 2553 Aemilianum.
946 2509 960 2519 ⁰

329 2588 440 2654 Semper
450 2589 504 2638 eris
515 2602 626 2653 pauper,
637 2588 659 2637 si
671 2602 774 2652 pauper
783 2601 821 2647 es,
831 2585 996 2638 Aemiliane.

364 2662 473 2713 Dantur
485 2677 550 2728 opes
561 2662 629 2711 nulli
639 2678 718 2723 nune,
728 2661 782 2711 nisi
793 2659 932 2710 divitibus.

605 2769 641 2810 82.
663 2764 697 2808 lu
716 2765 842 2807 Gaurum.

308 2842 387 2904 Qm‘d
396 2848 595 2913 promittebas
605 2844 679 2899 mihi
687 2839 790 2901 millia,
800 2836 1046 2897 (lausdunense.
1070 2899 1073 2905 ι

333 2920 361 2969 si
374 2922 449 2977 dare
461 2942 522 2981 non
536 2933 664 2997 poteras
679 2908 1029 2979 millia,uaxne,uooem
1076 2913 1079 2918 ·
