2750 3450
312 389 347 441 71
603 390 818 440 maurinus

386 514 523 566 Piscinam
534 519 612 582 peto;
626 533 682 567 non
693 517 758 567 licet
766 519 869 565 natare.

385 590 427 640 Ad
439 606 549 642 coenam
561 606 693 661 proper03
709 598 784 641 tenos
795 594 916 639 cuntem..

385 664 426 716 Ad
438 681 549 716 coenam
560 668 654 729 veni03
669 665 748 733 fugas
759 665 906 715 sedentem.

385 738 489 792 Lassus
500 741 621 803 dormio;
632 742 750 792 suscitas
758 740 900 789 iacentem.

386 813 444 878 Vis,
457 821 584 882 quantum
596 816 683 866 facim
694 815 769 876 nsali,
780 812 889 865 videret

384 888 436 941 Vir
444 890 541 954 iustus,
552 891 663 958 probus,
673 892 805 941 innocens
814 888 928 938 timeris.

598 999 633 1038 bi.
655 995 695 1037 De
714 994 816 1037 eodem.

311 1088 425 1156 Fugerit
435 1105 469 1140 an
480 1105 587 1141 mensas
597 1088 725 1141 Phoebus
736 1101 902 1152 coenamque
912 1084 1070 1154 Thyestae,

348 1165 461 1230 ignoro:
477 1165 595 1231 higimus
605 1180 665 1227 nos,
676 1163 816 1230 Ligurine,
826 1168 910 1211 tuam.

310 1238 363 1289 llla
372 1239 480 1305 quidem
491 1239 567 1290 lauta
576 1245 625 1302 est,
641 1239 811 1305 dapibusque
819 1238 955 1287 instructa
968 1240 1074 1306 superb

348 1314 396 1364 sed
406 1312 474 1363 nihil
486 1315 605 1376 omnino,
615 1319 643 1364 te
653 1315 794 1375 recitante,
804 1311 902 1378 placet.

310 1386 383 1439 Nolo
394 1387 461 1438 mihi
471 1403 557 1454 ponas
567 1387 709 1440 rhombum
723 1388 867 1438 mullumve
875 1385 1017 1451 bilibrem,

347 1478 397 1513 nec
406 1463 471 1514 volo
482 1463 600 1528 boletos,
612 1470 705 1515 ostrea
713 1462 795 1514 nolo:
810 1467 879 1512 tace.

565 1578 599 1618 16.
623 1575 663 1617 Ad
684 1574 848 1617 Candidum.

310 1667 406 1737 Exigis
418 1684 434 1719 a
444 1670 525 1721 nobis
535 1685 646 1737 operam
657 1670 716 1721 siue
727 1669 780 1719 line
789 1670 922 1735 togatam.

347 1744 409 1796 Non
420 1760 462 1808 eo,
473 1746 599 1797 libertum
610 1746 658 1797 sed
666 1745 720 1796 tibi
733 1746 813 1795 mitto
827 1757 925 1794 meum.

309 1819 371 1871 Non
383 1826 432 1883 est,
442 1821 542 1887 inquis,
553 1822 638 1873 idem:
653 1821 740 1872 mrdto
750 1819 811 1885 plus
826 1832 885 1869 esso
895 1818 1035 1883 probabo.

345 1894 400 1946 Vix
410 1912 461 1963 ego
472 1896 597 1947 lecticam
608 1898 772 1962 siibsequor3
781 1894 834 1945 illc
847 1891 925 1944 ieret.

308 1970 339 2020 lu
348 1972 456 2022 turbam
466 1972 605 2034 incideris,
617 1978 729 2022 cunctos
740 1970 857 2020 umbone
865 1967 995 2033 repellet:

344 2046 495 2097 invalidum
509 2051 550 2096 est
559 2046 846 2112 nobisiugenuumque
856 2042 938 2093 latus.

311 2119 452 2181 Quidlibet
461 2121 489 2170 in
501 2122 591 2171 causis
602 2122 764 2182 narraveris,
775 2120 835 2185 ipse
844 2117 957 2169 tacebo:

347 2201 375 2245 at
383 2195 434 2245 tibi
445 2197 621 2261 tergeminum
631 2195 734 2263 mugiet
745 2194 792 2245 ille
801 2192 892 2249 σοφῶς·

309 2268 358 2319 Lis
370 2270 429 2331 erit,
440 2270 545 2337 ingenti
554 2268 639 2320 faciet
649 2270 774 2321 convicia
784 2284 864 2321 voce:

347 2359 406 2394 esse
417 2344 506 2409 pudor
515 2346 601 2396 vetuit
611 2344 696 2396 fortia
705 2346 788 2396 verba
797 2342 874 2395 mihi.

308 2418 381 2485 lirgo
393 2417 462 2469 nihil
472 2418 561 2482 nobis,
571 2420 670 2486 inquis,
681 2419 835 2487 praestabis
845 2418 967 2472 amicust

348 2493 487 2560 Quidquid
497 2495 619 2558 libertus,
632 2494 762 2557 Candide,
771 2510 827 2545 non
836 2494 947 2561 poterit.

599 2603 633 2642 41.
659 2599 698 2641 De
717 2599 810 2641 Basso.

382 2694 492 2760 Capena
501 2694 599 2761 grandi
608 2698 690 2760 porta
701 2708 754 2759 qua
764 2692 835 2760 pluit
847 2697 934 2759 gutta,

382 2768 571 2835 Phrygiaeque
581 2768 680 2818 Matris
690 2768 769 2818 Almo
781 2782 835 2833 qua
845 2767 1044 2835 lavationum,

381 2844 561 2895 Horatiorum
573 2858 627 2909 qua
636 2843 707 2893 viret
717 2857 795 2893 sacer
805 2857 925 2908 campus,

379 2924 407 2969 et
416 2934 470 2986 qua
476 2917 575 2985 pusilli
584 2916 672 2969 fervet
680 2916 809 2990 Herculis
818 2915 921 2980 fanum,
