2750 3450
442 385 764 435 EPlGllAlllllA'l'UM
786 386 856 433 ΜΒ.
880 386 900 434 l.
1036 385 1069 435 15

560 509 593 549 l‘l.
612 504 653 547 Au
668 506 787 548 Avitun.

274 577 344 630 Sunt
352 576 436 641 bone,
443 580 506 629 suut
515 576 649 642 quaedam
658 576 817 640 mediouie,
827 581 890 629 sunt
898 577 1069 644 multiplum,

313 667 384 722 quae
393 652 463 720 legis
472 649 531 702 hie=
552 651 633 702 aliter
641 666 698 702 non
708 651 747 714 lit,
756 651 847 715 eluite,
860 649 941 703 liber.

565 759 599 798 18.
624 755 663 796 Ae
679 754 782 798 Titum.

351 824 433 892 (legit
442 839 485 875 me
497 825 576 876 Titus
587 825 702 876 actitare
713 840 819 887 causes,

350 905 379 951 et
388 900 455 951 dicit
464 897 533 950 mihi
542 914 634 965 saepe,
644 914 797 966 magnares
808 905 856 950 est.

348 972 404 1026 Res
413 988 513 1042 magne
523 978 573 1037 est,
584 974 656 1037 Tite,
668 973 828 1041 quemfecit
838 973 961 1025 colonus.

552 1081 586 1122 19.
611 1079 651 1120 Aul
666 1078 793 1121 Tuccam.

277 1155 350 1218 Quid
360 1160 397 1218 te,
408 1154 511 1218 Tuece,
522 1155 601 1206 iuvet
614 1155 707 1207 vetulo
718 1155 831 1206 miseere
840 1155 960 1207 Feleruu

311 1228 495 1282 inVatieenis
505 1231 618 1282 eundita
627 1236 719 1282 musta
728 1229 821 1281 eudisl
893 1265 895 1269 .

278 1303 350 1366 Quid
360 1310 466 1356 tentum
475 1303 564 1357 fecere
575 1306 642 1357 boni
651 1305 704 1357 tibi
713 1306 832 1371 pessime
841 1305 920 1357 vinei

312 1384 360 1431 eut
370 1379 435 1446 quid
444 1377 567 1431 fecerunt
578 1380 682 1446 optime
693 1381 758 1431 vina
768 1379 851 1431 mulii

276 1454 318 1506 De
328 1453 409 1506 nubis
419 1453 501 1506 facile
512 1460 566 1506 est:
584 1455 673 1506 scelus
683 1460 726 1505 est
735 1455 860 1522 iugulere
869 1455 1025 1515 Falernum,

314 1533 342 1580 et
351 1529 416 1581 dere
427 1527 567 1597 Campano
578 1530 673 1582 toxieu
682 1543 767 1581 saeve
775 1546 859 1582 mere.

277 1602 415 1655 Convivae
424 1618 545 1656 meruere
555 1605 596 1656 tul
606 1603 725 1656 fortasse
734 1606 837 1671 perire:

313 1675 447 1747 amphora
455 1694 512 1732 non
521 1679 620 1732 meruit
628 1684 685 1731 tum
696 1681 818 1747 pretiose
826 1680 905 1732 morl.

555 1788 590 1827 2⁰.
619 1784 659 1826 Aul
674 1782 791 1827 Aeliam.

276 1860 307 1913 Si
317 1860 437 1924 memini,
446 1860 556 1913 fuerent
564 1861 617 1913 tibi
627 1865 754 1928 quatuor,
763 1861 851 1924 Aelia,
862 1863 965 1914 dentes.

312 1934 430 2002 Exspuit
439 1951 493 1988 uua
503 1935 574 1987 duos
582 1937 676 2000 tussis,
685 1941 777 1987 etune
787 1936 865 1988 duos.

275 2010 334 2062 lam
344 2026 441 2063 secure
449 2016 529 2077 potes
539 2012 607 2062 totis
617 2011 717 2063 tussire
727 2011 837 2073 diebus3

312 2086 352 2137 nil
360 2086 434 2149 istie,
444 2086 517 2153 quod
528 2091 601 2153 egat,
611 2086 695 2137 tertia
703 2087 790 2137 tussis
801 2085 892 2137 habet.

512 2194 546 2233 21.
574 2190 614 2232 Ad
630 2189 831 2233 caecilianum.

276 2266 332 2318 Die
342 2264 417 2329 mihi,
429 2267 489 2333 quis
500 2264 578 2318 furor
588 2266 645 2318 esti
663 2266 745 2318 turba
758 2275 898 2334 spectante
913 2277 1022 2333 vocate,

313 2340 389 2392 solus
400 2341 518 2404 boletos,
529 2340 696 2405 caeciliane,
706 2357 796 2393 veras.

275 2414 349 2478 Quid
360 2415 470 2483 dignum
479 2420 558 2467 tanto
568 2416 621 2467 tibi
631 2422 724 2468 ventre
734 2417 852 2485 gulaque
865 2418 1016 2484 precabor'l

311 2490 450 2555 Boletum,
461 2490 568 2557 qualem
580 2490 713 2542 Claudius
722 2492 788 2555 edit,
799 2492 874 2543 edas.

395 2598 430 2638 22.
454 2595 494 2639 De
510 2594 637 2639 Porsen·
651 2600 679 2639 et
694 2597 786 2639 ltlueio
801 2595 948 2639 Scaevola„
1046 2655 1048 2658 Ι

275 2670 344 2723 Cum
353 2676 459 2739 peteret
467 2686 558 2739 regem
569 2672 684 2739 decepte
693 2671 812 2724 satellite
823 2672 928 2736 dextre,

310 2747 428 2815 ingessit
438 2746 524 2798 saeris
535 2762 564 2800 se
575 2748 697 2815 periture
706 2746 787 2798 focis.

273 2820 329 2874 Seu
339 2828 396 2873 tum
406 2836 491 2875 saeva
500 2824 562 2889 pius
571 2822 707 2874 miracula
715 2837 770 2874 non
780 2821 845 2872 tulit
854 2818 953 2885 hostis,

311 2902 340 2949 et
348 2902 456 2967 raptum
466 2894 584 2951 flammis
591 2898 673 2951 iussit
683 2897 761 2952 abire
769 2898 875 2951 uisum.
