2750 3450
401 354 815 408 holocaustorum-oia.
836 359 880 407 Xl.
989 357 1039 410 8⁰1

449 481 484 521 sl.
508 477 548 521 Ds
567 478 693 534 spadone
712 482 740 522 ot
758 492 831 522 roro.

263 555 315 606 inm
325 564 393 606 sene
400 569 568 605 communem
577 559 658 605 vexat
668 555 756 620 spado
765 555 919 624 Dindymus
928 556 1040 625 Aeglen,

285 635 312 681 et
321 630 394 681 iacet
404 629 434 680 in
443 628 534 680 medlo
545 629 620 679 sicca
629 629 722 694 puello
729 635 802 681 toro.

263 703 360 755 linibus
370 702 415 754 hic
425 705 502 769 operi
513 718 567 754 non
578 708 627 765 est,
638 701 684 755 hic
693 704 771 755 utilis
781 704 873 756 ennio:

284 793 349 845 ergo
360 779 419 828 sine
429 777 528 828 effectu
538 778 626 844 prurit
634 782 748 844 uterque
757 777 845 829 labor.

263 853 367 920 lupplex
376 852 427 903 illo
435 858 517 918 rogat
525 867 575 918 pro
586 867 616 902 se
625 852 786 919 miserisque
796 852 912 915 duobos,
976 859 979 864 '

284 925 355 978 hunc
363 927 486 977 iuvenem
491 925 594 988 facias,
605 924 684 990 hunc,
696 924 839 994 Cytherea,
849 928 946 979 virum

489 1034 523 1072 82.
548 1031 587 1072 De
606 1029 795 1074 Philostrato.
841 1052 843 1059 =

263 1136 269 1158 o
280 1105 453 1160 Sinuessanis
464 1107 579 1158 conviva
588 1105 772 1158 Philostratus
781 1107 862 1158 nnffis

285 1181 448 1234 conductum
457 1187 580 1247 repetens
590 1188 670 1232 nocto
680 1180 790 1233 iubente
799 1181 894 1245 larem,

266 1271 333 1308 aene
342 1257 465 1309 imitatus
476 1256 536 1306 chit
544 1257 633 1307 saevis
643 1255 783 1322 Elpenora
791 1255 866 1318 fatis,

284 1345 413 1398 praeceps
423 1344 471 1395 per
480 1330 578 1398 longos
589 1330 651 1381 dum
661 1331 718 1381 ruit
726 1345 811 1397 usque
820 1329 930 1397 gradus.

263 1404 308 1457 lon
319 1410 399 1466 esset,
409 1403 560 1470 Nymphae,
571 1410 627 1455 tam
636 1420 737 1472 magna
746 1404 869 1471 pericula
876 1419 984 1471 passos,

282 1481 307 1532 si
317 1480 409 1547 potius
419 1483 524 1530 vestras
532 1479 581 1530 ille
591 1479 706 1531 bibisset
717 1494 811 1546 aquas.

488 1587 522 1626 83.
546 1582 586 1625 Ad
606 1583 792 1626 Sosibiannm.

263 1659 332 1712 lemo
343 1659 450 1711 habitat
459 1660 553 1727 gratis,
564 1658 619 1709 nisi
629 1660 705 1710 dives
716 1664 744 1709 et
755 1657 845 1721 orbus,
857 1657 929 1726 apud
937 1663 975 1711 te.

282 1735 369 1788 Nemo
380 1736 490 1787 domum
501 1735 596 1802 pluris,
606 1733 760 1797 Sosibiane,
770 1733 854 1785 locat.

441 1827 474 1866 ⁸4.
500 1824 539 1865 lle
559 1821 700 1864 Antiocho
718 1824 841 1865 tonsore.

263 1900 301 1961 lui
310 1899 429 1951 nondum
440 1898 552 1967 Stygias
562 1898 724 1950 descendero
737 1898 843 1965 quaerit
852 1896 887 1949 ad
895 1896 993 1962 undas,

281 1980 420 2026 tonsorem
431 1973 528 2041 fugiat,
540 1975 564 2023 si
573 1974 654 2039 sapit,
664 1970 835 2024 Antiochum.

263 2050 314 2099 ibo
323 2050 412 2100 minus
422 2050 511 2100 saevis
521 2048 676 2100 lacerantur
684 2045 799 2100 brachio
808 2047 911 2110 cultris,

282 2139 341 2175 cnm
352 2122 419 2174 furit
429 2124 464 2175 ad
475 2122 610 2191 Phrygios
621 2121 719 2175 enthea
726 2122 808 2174 turbo
816 2121 930 2187 modos3

263 2200 338 2250 ritior
346 2198 496 2264 implicitos
505 2198 591 2249 Alcon
601 2203 676 2249 secat
687 2197 866 2261 enterocelas,

281 2272 423 2338 fractaque
433 2272 526 2323 fabrili
537 2273 648 2324 dedolat
659 2288 723 2324 ossa
733 2259 822 2323 mdiu.
899 2332 901 2337 .

263 2346 372 2399 'ondeat
380 2345 425 2399 hic
434 2349 530 2413 inopes
544 2347 663 2413 Cynicos
674 2353 702 2398 et
711 2346 806 2399 Stoica
815 2351 915 2410 menta,

281 2422 407 2489 collaque
417 2422 545 2489 pulverea
555 2422 638 2473 nudet
647 2423 747 2488 equine
756 2421 831 2473 iuba.

263 2496 299 2548 lic
308 2498 435 2548 miserum
447 2494 577 2563 Scythica
587 2496 636 2547 sub
646 2511 714 2562 rupe
724 2493 887 2547 Prometheo
895 2495 990 2548 radate

281 2571 435 2622 carnificem
445 2571 518 2621 nudo
529 2575 639 2636 pectore
650 2576 745 2636 poscet
755 2585 840 2621 avem.

263 2646 283 2697 .d
293 2652 406 2697 matrem
416 2645 503 2713 fugiet
512 2644 655 2708 Pentheus,
671 2645 707 2696 od
716 2645 867 2696 Maenadas
878 2641 1015 2711 Orphensr

278 2719 407 2772 Antiochi
415 2726 521 2771 tantum
531 2720 649 2772 barbara
658 2719 716 2772 tela
725 2724 830 2771 sonent

263 2794 321 2847 [aec
329 2811 505 2863 quaecunque
514 2811 576 2847 meo
585 2796 734 2846 numeratis
744 2796 873 2861 stigmata
882 2799 984 2858 mento,

278 2871 308 2922 in
317 2871 402 2923 vetuli
411 2875 511 2938 pyctae
521 2871 614 2939 qualia
623 2869 713 2923 fronte
723 2869 827 2933 sedent,
