<?xml version="1.0" encoding="UTF-8"?>
<!DOCTYPE html PUBLIC "-//W3C//DTD XHTML 1.0 Transitional//EN"
    "http://www.w3.org/TR/xhtml1/DTD/xhtml1-transitional.dtd">
<html xmlns="http://www.w3.org/1999/xhtml" xml:lang="en" lang="en">
 <head>
  <title>
</title>
<meta http-equiv="Content-Type" content="text/html;charset=utf-8" />
  <meta name='ocr-system' content='tesseract 3.04.00' />
  <meta name='ocr-capabilities' content='ocr_page ocr_carea ocr_par ocr_line ocrx_word'/>
</head>
<body>
  <div class='ocr_page' id='page_1' title='image "./mvaleriimartial03martgoog_0403.png"; bbox 0 0 2750 3450; ppageno 0'>
   <div class='ocr_carea' id='block_1_1' title="bbox 288 406 942 462">
    <p class='ocr_par' dir='ltr' id='par_1_1' title="bbox 288 406 942 462">
     <span class='ocr_line' id='line_1_1' title="bbox 288 406 942 462; baseline 0.005 -3"><span class='ocrx_word' id='word_1_1' title='bbox 288 406 338 460; x_wconf 66' lang='grc'>394</span> <span class='ocrx_word' id='word_1_2' title='bbox 445 413 700 460; x_wconf 74' lang='lat' dir='ltr'>nrvuasonum</span> <span class='ocrx_word' id='word_1_3' title='bbox 722 413 942 462; x_wconf 81' lang='lat' dir='ltr'><strong>POETABUM</strong></span> 
     </span>
    </p>
   </div>
   <div class='ocr_carea' id='block_1_2' title="bbox 381 533 976 1324">
    <p class='ocr_par' dir='ltr' id='par_1_2' title="bbox 590 533 823 587">
     <span class='ocr_line' id='line_1_2' title="bbox 590 533 823 587; baseline -0.013 -11"><span class='ocrx_word' id='word_1_4' title='bbox 590 536 625 576; x_wconf 78' lang='lat' dir='ltr'>id.</span> <span class='ocrx_word' id='word_1_5' title='bbox 644 533 775 587; x_wconf 83' lang='lat' dir='ltr'>Priapus.</span> <span class='ocrx_word' id='word_1_6' title='bbox 820 556 823 565; x_wconf 90' lang='lat'><em>·</em></span> 
     </span>
    </p>

    <p class='ocr_par' dir='ltr' id='par_1_3' title="bbox 399 600 866 669">
     <span class='ocr_line' id='line_1_3' title="bbox 399 600 866 669; baseline 0.006 -18"><span class='ocrx_word' id='word_1_7' title='bbox 399 600 423 651; x_wconf 90' lang='grc'>0</span> <span class='ocrx_word' id='word_1_8' title='bbox 433 617 488 653; x_wconf 90' lang='lat' dir='ltr'>non</span> <span class='ocrx_word' id='word_1_9' title='bbox 499 602 645 654; x_wconf 82' lang='lat' dir='ltr'>candidior</span> <span class='ocrx_word' id='word_1_10' title='bbox 653 601 746 669; x_wconf 88' lang='lat' dir='ltr'>puella</span> <span class='ocrx_word' id='word_1_11' title='bbox 755 602 866 666; x_wconf 87' lang='lat' dir='ltr'>Mauro,</span> 
     </span>
    </p>

    <p class='ocr_par' dir='ltr' id='par_1_4' title="bbox 398 675 893 739">
     <span class='ocr_line' id='line_1_4' title="bbox 398 675 893 739; baseline 0 -12"><span class='ocrx_word' id='word_1_12' title='bbox 398 677 446 727; x_wconf 85' lang='lat' dir='ltr'>scd</span> <span class='ocrx_word' id='word_1_13' title='bbox 456 675 613 728; x_wconf 89' lang='lat' dir='ltr'>morbosior</span> <span class='ocrx_word' id='word_1_14' title='bbox 624 678 749 728; x_wconf 91' lang='lat' dir='ltr'>omnibus</span> <span class='ocrx_word' id='word_1_15' title='bbox 760 678 893 739; x_wconf 72' lang='lat' dir='ltr'>cinaedis,</span> 
     </span>
    </p>

    <p class='ocr_par' dir='ltr' id='par_1_5' title="bbox 397 749 900 820">
     <span class='ocr_line' id='line_1_5' title="bbox 397 749 900 820; baseline 0.004 -20"><span class='ocrx_word' id='word_1_16' title='bbox 397 749 537 818; x_wconf 84' lang='lat' dir='ltr'>Pygmaeo</span> <span class='ocrx_word' id='word_1_17' title='bbox 548 751 667 815; x_wconf 90' lang='lat' dir='ltr'>brevior,</span> <span class='ocrx_word' id='word_1_18' title='bbox 677 767 770 820; x_wconf 85' lang='lat' dir='ltr'>gruem</span> <span class='ocrx_word' id='word_1_19' title='bbox 781 753 900 815; x_wconf 84' lang='lat' dir='ltr'>timenti,</span> 
     </span>
    </p>

    <p class='ocr_par' dir='ltr' id='par_1_6' title="bbox 396 826 791 892">
     <span class='ocr_line' id='line_1_6' title="bbox 396 826 791 892; baseline 0.003 -17"><span class='ocrx_word' id='word_1_20' title='bbox 396 826 468 876; x_wconf 88' lang='lat' dir='ltr'>ursis</span> <span class='ocrx_word' id='word_1_21' title='bbox 479 827 603 891; x_wconf 75' lang='lat' dir='ltr'><strong>asperior</strong></span> <span class='ocrx_word' id='word_1_22' title='bbox 613 827 791 892; x_wconf 88' lang='lat' dir='ltr'>pilosiorque,</span> 
     </span>
    </p>

    <p class='ocr_par' dir='ltr' id='par_1_7' title="bbox 381 899 976 1115">
     <span class='ocr_line' id='line_1_7' title="bbox 397 899 930 967; baseline 0 -17"><span class='ocrx_word' id='word_1_23' title='bbox 397 899 487 951; x_wconf 88' lang='lat' dir='ltr'>Medis</span> <span class='ocrx_word' id='word_1_24' title='bbox 498 900 589 951; x_wconf 86' lang='lat' dir='ltr'>laxior</span> <span class='ocrx_word' id='word_1_25' title='bbox 598 901 753 967; x_wconf 89' lang='lat' dir='ltr'>indicisque</span> <span class='ocrx_word' id='word_1_26' title='bbox 763 902 886 951; x_wconf 80' lang='lat' dir='ltr'>braccis:</span> <span class='ocrx_word' id='word_1_27' title='bbox 921 909 930 929; x_wconf 88' lang='lat'><strong>·</strong></span> 
     </span>
     <span class='ocr_line' id='line_1_8' title="bbox 384 973 976 1037; baseline 0.005 -12"><span class='ocrx_word' id='word_1_28' title='bbox 384 984 386 990; x_wconf 83' lang='grc'>’</span> <span class='ocrx_word' id='word_1_29' title='bbox 397 979 503 1025; x_wconf 88' lang='lat' dir='ltr'>mantes</span> <span class='ocrx_word' id='word_1_30' title='bbox 513 973 558 1026; x_wconf 87' lang='lat' dir='ltr'>hic</span> <span class='ocrx_word' id='word_1_31' title='bbox 567 976 640 1037; x_wconf 84' lang='lat' dir='ltr'>licet,</span> <span class='ocrx_word' id='word_1_32' title='bbox 651 1003 729 1013; x_wconf 95' lang='lat'>--</span> <span class='ocrx_word' id='word_1_33' title='bbox 738 982 769 1025; x_wconf 90' lang='lat' dir='ltr'>ut</span> <span class='ocrx_word' id='word_1_34' title='bbox 777 975 896 1026; x_wconf 83' lang='lat' dir='ltr'>libenter</span> <span class='ocrx_word' id='word_1_35' title='bbox 904 977 976 1028; x_wconf 85' lang='lat' dir='ltr'>ires:</span> 
     </span>
     <span class='ocr_line' id='line_1_9' title="bbox 381 1048 916 1115; baseline 0.004 -17"><span class='ocrx_word' id='word_1_36' title='bbox 381 1048 384 1067; x_wconf 76' lang='lat'>²</span> <span class='ocrx_word' id='word_1_37' title='bbox 398 1064 459 1099; x_wconf 88' lang='lat' dir='ltr'>nam</span> <span class='ocrx_word' id='word_1_38' title='bbox 472 1050 595 1115; x_wconf 87' lang='lat' dir='ltr'>quamvis</span> <span class='ocrx_word' id='word_1_39' title='bbox 605 1049 701 1101; x_wconf 86' lang='lat' dir='ltr'>videar</span> <span class='ocrx_word' id='word_1_40' title='bbox 710 1050 778 1100; x_wconf 85' lang='lat' dir='ltr'>satis</span> <span class='ocrx_word' id='word_1_41' title='bbox 787 1055 916 1115; x_wconf 70' lang='lat' dir='ltr'>paratust</span> 
     </span>
    </p>

    <p class='ocr_par' dir='ltr' id='par_1_8' title="bbox 399 1124 922 1190">
     <span class='ocr_line' id='line_1_10' title="bbox 399 1124 922 1190; baseline 0.008 -18"><span class='ocrx_word' id='word_1_42' title='bbox 399 1138 540 1173; x_wconf 83' lang='lat' dir='ltr'>erucarum</span> <span class='ocrx_word' id='word_1_43' title='bbox 552 1139 620 1190; x_wconf 91' lang='lat' dir='ltr'>opus</span> <span class='ocrx_word' id='word_1_44' title='bbox 631 1130 672 1174; x_wconf 84' lang='lat' dir='ltr'>est</span> <span class='ocrx_word' id='word_1_45' title='bbox 682 1124 774 1175; x_wconf 85' lang='lat' dir='ltr'>decern</span> <span class='ocrx_word' id='word_1_46' title='bbox 782 1125 922 1189; x_wconf 81' lang='lat' dir='ltr'>maniplis,</span> 
     </span>
    </p>

    <p class='ocr_par' dir='ltr' id='par_1_9' title="bbox 396 1195 924 1324">
     <span class='ocr_line' id='line_1_11' title="bbox 398 1195 924 1269; baseline 0.004 -22"><span class='ocrx_word' id='word_1_47' title='bbox 398 1195 488 1269; x_wconf 77' lang='lat' dir='ltr'>fossas</span> <span class='ocrx_word' id='word_1_48' title='bbox 498 1198 617 1265; x_wconf 76' lang='lat' dir='ltr'>inguinis</span> <span class='ocrx_word' id='word_1_49' title='bbox 628 1204 658 1248; x_wconf 87' lang='lat' dir='ltr'>nt</span> <span class='ocrx_word' id='word_1_50' title='bbox 669 1206 764 1260; x_wconf 87' lang='lat' dir='ltr'>teram,</span> <span class='ocrx_word' id='word_1_51' title='bbox 776 1198 924 1266; x_wconf 87' lang='lat' dir='ltr'>dolemqne</span> 
     </span>
     <span class='ocr_line' id='line_1_12' title="bbox 396 1272 844 1324; baseline 0.004 -3"><span class='ocrx_word' id='word_1_52' title='bbox 396 1272 476 1321; x_wconf 85' lang='lat' dir='ltr'>cunni</span> <span class='ocrx_word' id='word_1_53' title='bbox 486 1274 648 1324; x_wconf 86' lang='lat' dir='ltr'>venniculos</span> <span class='ocrx_word' id='word_1_54' title='bbox 657 1274 844 1324; x_wconf 80' lang='lat' dir='ltr'>scamrientes.</span> 
     </span>
    </p>
   </div>
   <div class='ocr_carea' id='block_1_3' title="bbox 342 1360 1039 1719">
    <p class='ocr_par' dir='ltr' id='par_1_10' title="bbox 342 1360 1039 1719">
     <span class='ocr_line' id='line_1_13' title="bbox 583 1360 773 1415; baseline -0.011 -12"><span class='ocrx_word' id='word_1_55' title='bbox 583 1363 617 1403; x_wconf 72' lang='lat' dir='ltr'>ii.</span> <span class='ocrx_word' id='word_1_56' title='bbox 634 1360 773 1415; x_wconf 64' lang='lat' dir='ltr'>Priapus.</span> 
     </span>
     <span class='ocr_line' id='line_1_14' title="bbox 344 1422 1039 1496; baseline 0.007 -19"><span class='ocrx_word' id='word_1_57' title='bbox 344 1422 503 1494; x_wconf 75' lang='lat' dir='ltr'>Quicunque</span> <span class='ocrx_word' id='word_1_58' title='bbox 513 1434 639 1490; x_wconf 81' lang='lat' dir='ltr'>vestrum,</span> <span class='ocrx_word' id='word_1_59' title='bbox 651 1429 698 1494; x_wconf 89' lang='lat' dir='ltr'>qui</span> <span class='ocrx_word' id='word_1_60' title='bbox 707 1429 806 1480; x_wconf 86' lang='lat' dir='ltr'>venitis</span> <span class='ocrx_word' id='word_1_61' title='bbox 816 1429 852 1480; x_wconf 92' lang='lat' dir='ltr'>ad</span> <span class='ocrx_word' id='word_1_62' title='bbox 863 1445 991 1496; x_wconf 86' lang='lat' dir='ltr'>coenam,</span> <span class='ocrx_word' id='word_1_63' title='bbox 1033 1426 1039 1443; x_wconf 86' lang='lat'>¹</span> 
     </span>
     <span class='ocr_line' id='line_1_15' title="bbox 342 1501 848 1555; baseline 0.004 -4"><span class='ocrx_word' id='word_1_64' title='bbox 342 1501 429 1552; x_wconf 90' lang='lat' dir='ltr'>libare</span> <span class='ocrx_word' id='word_1_65' title='bbox 438 1502 529 1553; x_wconf 89' lang='lat' dir='ltr'>nullos</span> <span class='ocrx_word' id='word_1_66' title='bbox 539 1502 654 1552; x_wconf 88' lang='lat' dir='ltr'>sustinet</span> <span class='ocrx_word' id='word_1_67' title='bbox 664 1501 731 1554; x_wconf 90' lang='lat' dir='ltr'>mibi</span> <span class='ocrx_word' id='word_1_68' title='bbox 741 1518 848 1555; x_wconf 85' lang='lat' dir='ltr'>versus:</span> 
     </span>
     <span class='ocr_line' id='line_1_16' title="bbox 342 1575 776 1628; baseline 0.005 -2"><span class='ocrx_word' id='word_1_69' title='bbox 342 1575 418 1626; x_wconf 89' lang='lat' dir='ltr'>illius</span> <span class='ocrx_word' id='word_1_70' title='bbox 428 1591 498 1627; x_wconf 84' lang='lat' dir='ltr'>uxor</span> <span class='ocrx_word' id='word_1_71' title='bbox 508 1582 555 1627; x_wconf 91' lang='lat' dir='ltr'>aut</span> <span class='ocrx_word' id='word_1_72' title='bbox 565 1578 654 1627; x_wconf 86' lang='lat' dir='ltr'>amica</span> <span class='ocrx_word' id='word_1_73' title='bbox 664 1577 776 1628; x_wconf 86' lang='lat' dir='ltr'>rivalem</span> 
     </span>
     <span class='ocr_line' id='line_1_17' title="bbox 342 1648 929 1719; baseline 0.007 -19"><span class='ocrx_word' id='word_1_74' title='bbox 342 1649 511 1702; x_wconf 83' lang='lat' dir='ltr'>lasciviendo</span> <span class='ocrx_word' id='word_1_75' title='bbox 522 1648 690 1719; x_wconf 81' lang='lat' dir='ltr'>languidum,</span> <span class='ocrx_word' id='word_1_76' title='bbox 702 1667 807 1718; x_wconf 88' lang='lat' dir='ltr'>precor,</span> <span class='ocrx_word' id='word_1_77' title='bbox 817 1653 929 1705; x_wconf 88' lang='lat' dir='ltr'>reddat:</span> 
     </span>
    </p>
   </div>
   <div class='ocr_carea' id='block_1_4' title="bbox 255 1726 973 3021">
    <p class='ocr_par' dir='ltr' id='par_1_11' title="bbox 342 1726 973 2389">
     <span class='ocr_line' id='line_1_18' title="bbox 343 1726 844 1795; baseline 0.01 -20"><span class='ocrx_word' id='word_1_78' title='bbox 343 1731 370 1776; x_wconf 89' lang='lat' dir='ltr'>et</span> <span class='ocrx_word' id='word_1_79' title='bbox 379 1726 438 1791; x_wconf 89' lang='lat' dir='ltr'>ipse</span> <span class='ocrx_word' id='word_1_80' title='bbox 447 1726 532 1795; x_wconf 84' lang='lat' dir='ltr'>longa</span> <span class='ocrx_word' id='word_1_81' title='bbox 539 1735 619 1779; x_wconf 88' lang='lat' dir='ltr'>nocte</span> <span class='ocrx_word' id='word_1_82' title='bbox 631 1727 750 1779; x_wconf 83' lang='lat' dir='ltr'>dormiat</span> <span class='ocrx_word' id='word_1_83' title='bbox 759 1728 844 1791; x_wconf 84' lang='lat' dir='ltr'>solus,</span> 
     </span>
     <span class='ocr_line' id='line_1_19' title="bbox 342 1799 747 1853; baseline 0.01 -4"><span class='ocrx_word' id='word_1_84' title='bbox 342 1799 501 1853; x_wconf 77' lang='lat' dir='ltr'>libidinosis</span> <span class='ocrx_word' id='word_1_85' title='bbox 510 1803 639 1853; x_wconf 86' lang='lat' dir='ltr'>incitatus</span> <span class='ocrx_word' id='word_1_86' title='bbox 649 1803 747 1853; x_wconf 89' lang='lat' dir='ltr'>erucis.</span> 
     </span>
     <span class='ocr_line' id='line_1_20' title="bbox 593 1891 776 1944; baseline -0.016 -11"><span class='ocrx_word' id='word_1_87' title='bbox 593 1894 627 1933; x_wconf 80' lang='lat'>48.</span> <span class='ocrx_word' id='word_1_88' title='bbox 646 1891 776 1944; x_wconf 84' lang='lat' dir='ltr'>Priapus.</span> 
     </span>
     <span class='ocr_line' id='line_1_21' title="bbox 397 1947 923 2015; baseline 0.006 -17"><span class='ocrx_word' id='word_1_89' title='bbox 397 1947 478 2008; x_wconf 75' lang='lat' dir='ltr'>Quod</span> <span class='ocrx_word' id='word_1_90' title='bbox 487 1964 589 2015; x_wconf 78' lang='lat' dir='ltr'>partem</span> <span class='ocrx_word' id='word_1_91' title='bbox 601 1950 738 2000; x_wconf 85' lang='lat' dir='ltr'>madidam</span> <span class='ocrx_word' id='word_1_92' title='bbox 749 1948 923 2014; x_wconf 68' lang='lat' dir='ltr'>mundetis,</span> 
     </span>
     <span class='ocr_line' id='line_1_22' title="bbox 395 2024 897 2092; baseline 0 -19"><span class='ocrx_word' id='word_1_93' title='bbox 395 2037 444 2089; x_wconf 89' lang='lat' dir='ltr'>per</span> <span class='ocrx_word' id='word_1_94' title='bbox 454 2038 534 2089; x_wconf 85' lang='lat' dir='ltr'>quam</span> <span class='ocrx_word' id='word_1_95' title='bbox 546 2025 687 2092; x_wconf 83' lang='lat' dir='ltr'>significor</span> <span class='ocrx_word' id='word_1_96' title='bbox 698 2024 813 2089; x_wconf 86' lang='lat' dir='ltr'>Priapus</span> <span class='ocrx_word' id='word_1_97' title='bbox 824 2039 897 2074; x_wconf 81' lang='lat' dir='ltr'>esse:</span> 
     </span>
     <span class='ocr_line' id='line_1_23' title="bbox 395 2098 926 2164; baseline 0.004 -17"><span class='ocrx_word' id='word_1_98' title='bbox 395 2113 451 2148; x_wconf 89' lang='lat' dir='ltr'>non</span> <span class='ocrx_word' id='word_1_99' title='bbox 462 2113 508 2149; x_wconf 93' lang='lat' dir='ltr'>ros</span> <span class='ocrx_word' id='word_1_100' title='bbox 519 2104 567 2161; x_wconf 83' lang='lat' dir='ltr'>est,</span> <span class='ocrx_word' id='word_1_101' title='bbox 578 2098 644 2149; x_wconf 89' lang='lat' dir='ltr'>mihi</span> <span class='ocrx_word' id='word_1_102' title='bbox 656 2099 743 2160; x_wconf 89' lang='lat' dir='ltr'>crede,</span> <span class='ocrx_word' id='word_1_103' title='bbox 754 2113 804 2148; x_wconf 87' lang='lat' dir='ltr'>nec</span> <span class='ocrx_word' id='word_1_104' title='bbox 813 2098 926 2164; x_wconf 82' lang='lat' dir='ltr'>pruina3</span> 
     </span>
     <span class='ocr_line' id='line_1_24' title="bbox 395 2172 904 2239; baseline 0.002 -17"><span class='ocrx_word' id='word_1_105' title='bbox 395 2172 452 2235; x_wconf 86' lang='lat' dir='ltr'>sed,</span> <span class='ocrx_word' id='word_1_106' title='bbox 463 2173 535 2238; x_wconf 91' lang='lat' dir='ltr'>quod</span> <span class='ocrx_word' id='word_1_107' title='bbox 545 2179 642 2239; x_wconf 87' lang='lat' dir='ltr'>sponte</span> <span class='ocrx_word' id='word_1_108' title='bbox 652 2188 702 2223; x_wconf 90' lang='lat' dir='ltr'>sua</span> <span class='ocrx_word' id='word_1_109' title='bbox 712 2173 783 2224; x_wconf 90' lang='lat' dir='ltr'>solet</span> <span class='ocrx_word' id='word_1_110' title='bbox 792 2173 904 2236; x_wconf 81' lang='lat' dir='ltr'>remitti,</span> 
     </span>
     <span class='ocr_line' id='line_1_25' title="bbox 396 2246 973 2315; baseline 0.002 -17"><span class='ocrx_word' id='word_1_111' title='bbox 396 2262 455 2298; x_wconf 89' lang='lat' dir='ltr'>cum</span> <span class='ocrx_word' id='word_1_112' title='bbox 466 2263 540 2299; x_wconf 88' lang='lat' dir='ltr'>mens</span> <span class='ocrx_word' id='word_1_113' title='bbox 551 2254 592 2299; x_wconf 88' lang='lat' dir='ltr'>est</span> <span class='ocrx_word' id='word_1_114' title='bbox 601 2246 728 2315; x_wconf 80' lang='lat' dir='ltr'>pathicus</span> <span class='ocrx_word' id='word_1_115' title='bbox 740 2262 843 2298; x_wconf 88' lang='lat' dir='ltr'>memor</span> <span class='ocrx_word' id='word_1_116' title='bbox 853 2248 973 2313; x_wconf 89' lang='lat' dir='ltr'>puellae.</span> 
     </span>
     <span class='ocr_line' id='line_1_26' title="bbox 587 2335 776 2389; baseline -0.011 -12"><span class='ocrx_word' id='word_1_117' title='bbox 587 2339 621 2377; x_wconf 75' lang='lat'>49.</span> <span class='ocrx_word' id='word_1_118' title='bbox 645 2335 776 2389; x_wconf 80' lang='lat' dir='ltr'>Priapus.</span> 
     </span>
    </p>

    <p class='ocr_par' dir='ltr' id='par_1_12' title="bbox 323 2393 956 2596">
     <span class='ocr_line' id='line_1_27' title="bbox 325 2393 944 2460; baseline 0.006 -18"><span class='ocrx_word' id='word_1_119' title='bbox 325 2393 376 2457; x_wconf 90' lang='lat' dir='ltr'>Tu,</span> <span class='ocrx_word' id='word_1_120' title='bbox 388 2394 540 2460; x_wconf 84' lang='lat' dir='ltr'>quicunque</span> <span class='ocrx_word' id='word_1_121' title='bbox 549 2396 626 2446; x_wconf 86' lang='lat' dir='ltr'>vides</span> <span class='ocrx_word' id='word_1_122' title='bbox 637 2395 710 2446; x_wconf 89' lang='lat' dir='ltr'>circa</span> <span class='ocrx_word' id='word_1_123' title='bbox 720 2394 837 2444; x_wconf 87' lang='lat' dir='ltr'>tectoria</span> <span class='ocrx_word' id='word_1_124' title='bbox 846 2400 944 2446; x_wconf 87' lang='lat' dir='ltr'>nostra</span> 
     </span>
     <span class='ocr_line' id='line_1_28' title="bbox 360 2468 922 2534; baseline 0.002 -16"><span class='ocrx_word' id='word_1_125' title='bbox 360 2484 415 2519; x_wconf 90' lang='lat' dir='ltr'>non</span> <span class='ocrx_word' id='word_1_126' title='bbox 425 2469 538 2520; x_wconf 90' lang='lat' dir='ltr'>nimium</span> <span class='ocrx_word' id='word_1_127' title='bbox 549 2471 618 2521; x_wconf 88' lang='lat' dir='ltr'>casti</span> <span class='ocrx_word' id='word_1_128' title='bbox 629 2470 750 2521; x_wconf 85' lang='lat' dir='ltr'>carmina</span> <span class='ocrx_word' id='word_1_129' title='bbox 760 2468 840 2534; x_wconf 87' lang='lat' dir='ltr'>plena</span> <span class='ocrx_word' id='word_1_130' title='bbox 849 2468 922 2519; x_wconf 80' lang='lat' dir='ltr'>ioci:</span> 
     </span>
     <span class='ocr_line' id='line_1_29' title="bbox 323 2543 956 2596; baseline 0.003 -3"><span class='ocrx_word' id='word_1_131' title='bbox 323 2544 445 2594; x_wconf 88' lang='lat' dir='ltr'>versibus</span> <span class='ocrx_word' id='word_1_132' title='bbox 457 2543 601 2595; x_wconf 84' lang='lat' dir='ltr'>obscoenis</span> <span class='ocrx_word' id='word_1_133' title='bbox 613 2544 715 2596; x_wconf 85' lang='lat' dir='ltr'>offendi</span> <span class='ocrx_word' id='word_1_134' title='bbox 725 2543 830 2594; x_wconf 84' lang='lat' dir='ltr'>desine:</span> <span class='ocrx_word' id='word_1_135' title='bbox 845 2558 900 2593; x_wconf 92' lang='lat' dir='ltr'>non</span> <span class='ocrx_word' id='word_1_136' title='bbox 912 2550 956 2595; x_wconf 88' lang='lat' dir='ltr'>est</span> 
     </span>
    </p>

    <p class='ocr_par' dir='ltr' id='par_1_13' title="bbox 255 2616 937 3021">
     <span class='ocr_line' id='line_1_30' title="bbox 360 2616 878 2682; baseline -0.002 -15"><span class='ocrx_word' id='word_1_137' title='bbox 360 2618 481 2668; x_wconf 89' lang='lat' dir='ltr'>mentula</span> <span class='ocrx_word' id='word_1_138' title='bbox 490 2619 615 2670; x_wconf 81' lang='lat' dir='ltr'>subducti</span> <span class='ocrx_word' id='word_1_139' title='bbox 625 2625 720 2669; x_wconf 86' lang='lat' dir='ltr'>nostra</span> <span class='ocrx_word' id='word_1_140' title='bbox 730 2616 878 2682; x_wconf 87' lang='lat' dir='ltr'>supercilii.</span> 
     </span>
     <span class='ocr_line' id='line_1_31' title="bbox 556 2706 809 2759; baseline -0.016 -12"><span class='ocrx_word' id='word_1_141' title='bbox 556 2710 590 2748; x_wconf 86' lang='lat'>50.</span> <span class='ocrx_word' id='word_1_142' title='bbox 612 2706 648 2747; x_wconf 78' lang='lat' dir='ltr'>dd</span> <span class='ocrx_word' id='word_1_143' title='bbox 670 2707 809 2759; x_wconf 84' lang='lat' dir='ltr'>Priapum.</span> 
     </span>
     <span class='ocr_line' id='line_1_32' title="bbox 397 2762 937 2832; baseline 0.004 -18"><span class='ocrx_word' id='word_1_144' title='bbox 397 2763 546 2828; x_wconf 76' lang='lat' dir='ltr'>Quaedam,</span> <span class='ocrx_word' id='word_1_145' title='bbox 557 2767 580 2815; x_wconf 91' lang='lat' dir='ltr'>si</span> <span class='ocrx_word' id='word_1_146' title='bbox 591 2766 682 2832; x_wconf 86' lang='lat' dir='ltr'>placet</span> <span class='ocrx_word' id='word_1_147' title='bbox 691 2763 744 2815; x_wconf 88' lang='lat' dir='ltr'>hoc</span> <span class='ocrx_word' id='word_1_148' title='bbox 753 2764 813 2826; x_wconf 89' lang='lat' dir='ltr'>tibi,</span> <span class='ocrx_word' id='word_1_149' title='bbox 825 2762 937 2832; x_wconf 85' lang='lat' dir='ltr'>Priape,</span> 
     </span>
     <span class='ocr_line' id='line_1_33' title="bbox 395 2837 802 2906; baseline -0.005 -17"><span class='ocrx_word' id='word_1_150' title='bbox 395 2837 562 2890; x_wconf 85' lang='lat' dir='ltr'>ficosissima</span> <span class='ocrx_word' id='word_1_151' title='bbox 571 2855 613 2890; x_wconf 87' lang='lat' dir='ltr'>me</span> <span class='ocrx_word' id='word_1_152' title='bbox 625 2840 715 2906; x_wconf 85' lang='lat' dir='ltr'>puella</span> <span class='ocrx_word' id='word_1_153' title='bbox 725 2838 802 2899; x_wconf 84' lang='lat' dir='ltr'>ludit,</span> 
     </span>
     <span class='ocr_line' id='line_1_34' title="bbox 255 2912 932 3021; baseline -0.003 -53"><span class='ocrx_word' id='word_1_154' title='bbox 255 2917 341 3021; x_wconf 70' lang='grc' dir='ltr'>Ι</span> <span class='ocrx_word' id='word_1_155' title='bbox 396 2917 424 2967; x_wconf 82' lang='lat' dir='ltr'>et</span> <span class='ocrx_word' id='word_1_156' title='bbox 431 2928 487 2967; x_wconf 87' lang='lat' dir='ltr'>non</span> <span class='ocrx_word' id='word_1_157' title='bbox 498 2913 547 2967; x_wconf 84' lang='lat' dir='ltr'>dat</span> <span class='ocrx_word' id='word_1_158' title='bbox 554 2913 632 2979; x_wconf 85' lang='lat' dir='ltr'>mibi,</span> <span class='ocrx_word' id='word_1_159' title='bbox 641 2930 692 2965; x_wconf 87' lang='lat' dir='ltr'>uec</span> <span class='ocrx_word' id='word_1_160' title='bbox 700 2920 780 2981; x_wconf 71' lang='lat' dir='ltr'>negat</span> <span class='ocrx_word' id='word_1_161' title='bbox 790 2912 932 2979; x_wconf 83' lang='lat' dir='ltr'>daturam3</span> 
     </span>
    </p>
   </div>
   <div class='ocr_carea' id='block_1_5' title="bbox 0 0 1380 3450">
    <p class='ocr_par' dir='ltr' id='par_1_14' title="bbox 0 0 1380 3450">
     <span class='ocr_line' id='line_1_35' title="bbox 0 0 1380 3450; baseline 0 2"><span class='ocrx_word' id='word_1_162' title='bbox 0 0 1380 3450; x_wconf 95' lang='lat' dir='ltr'> </span> 
     </span>
    </p>
   </div>
  </div>
 </body>
</html>
