2750 3450
435 358 752 407 EPIGRAMMATUM
781 360 850 408 ale.
878 363 919 406 Vl.
1026 358 1074 411 159

274 482 308 535 Si
318 488 368 533 tua
376 483 415 534 sit
423 498 538 546 summo,
549 483 660 547 Caesar,
670 488 770 534 natura
780 484 910 548 Tonanti,

314 562 406 608 utetur
414 563 474 609 toto
485 558 599 608 fulmine
607 573 672 608 rara
682 573 786 609 manus.

275 632 400 700 Muneris
409 630 463 683 hoc
474 638 617 698 utrumque
626 633 668 683 tui
677 637 795 684 testatur
807 631 946 697 Emmaus,

316 722 376 758 esse
387 707 460 774 quod
471 712 499 758 et
509 708 603 758 comiti
614 707 738 774 contigit,
749 713 776 758 et
786 707 888 758 reduci.

539 816 573 854 84.
598 812 638 854 De
657 811 806 867 Philippo.

278 902 438 972 Octaphoro
449 921 532 956 sanus
543 911 681 971 portatur,
695 905 782 969 Avite,
793 904 949 973 Philippus:

315 977 387 1031 hune
396 985 427 1030 tu
436 981 461 1030 si
471 995 567 1031 sanum
578 981 674 1044 eredis,
685 980 774 1043 Avite,
789 980 868 1033 furis.

442 1105 476 1143 85.
500 1101 532 1142 ln
551 1108 666 1145 mortem
684 1102 753 1145 uati
775 1101 910 1145 Camonii.

276 1196 376 1247 Editus
386 1201 429 1246 est
437 1199 528 1246 sextus
539 1196 598 1245 sine
606 1200 634 1245 te
644 1193 720 1258 mihi,
734 1195 802 1247 Rufe
812 1196 937 1259 Camoni,
962 1257 964 1262 ,

315 1286 366 1321 nee
374 1277 402 1320 te
411 1270 540 1321 lectorem
551 1276 650 1336 sperat,
663 1272 759 1334 amice,
770 1271 848 1321 liber.

278 1345 366 1412 lmpia
377 1344 570 1411 Cappadocum
581 1345 675 1409 tellus,
690 1351 718 1396 et
727 1347 836 1396 numine
847 1345 927 1396 laevo

314 1421 375 1482 visa
384 1420 445 1481 tibi,
460 1419 562 1470 eineres
572 1419 663 1470 reddit
673 1426 701 1470 et
711 1435 776 1471 ossa
785 1421 867 1487 patri.

277 1495 372 1545 Funde
382 1500 430 1544 tuo
441 1494 577 1556 lacrimas,
596 1495 694 1545 orbata
703 1494 844 1558 Bononia,
859 1494 944 1548 Rufo:

314 1575 342 1620 et
350 1574 460 1620 resonet
469 1574 530 1619 tota
541 1569 666 1634 planetus
675 1570 706 1620 in
715 1569 840 1620 Aemilia.

277 1643 340 1695 Heu
355 1645 444 1710 qualis
463 1645 564 1709 pietas,
584 1642 638 1694 heu
651 1659 733 1710 quam
746 1645 836 1695 brevis
852 1646 954 1695 oceidit
965 1645 1052 1696 aetas!

314 1716 430 1772 Viderat
438 1716 535 1785 Alphei
550 1720 673 1786 praemia
684 1720 803 1788 quinque
814 1720 907 1772 modo.

270 1794 392 1854 ¹Pectore
401 1799 432 1844 tu
441 1794 556 1845 memori
566 1801 676 1845 nostros
687 1795 813 1845 evolvere
823 1794 907 1858 lusus,

314 1874 344 1920 tu
354 1870 452 1920 solitus
462 1873 581 1931 nestros,
588 1867 667 1931 Rufe,
677 1873 770 1920 tenere
780 1870 867 1921 iocos.

276 1945 375 2010 Accipe
386 1959 446 1994 eum
456 1942 521 1993 fletu
531 1944 629 1994 maesti
638 1944 721 1994 breve
736 1959 844 1994 carmen
854 1945 944 2006 amici,

314 2024 396 2084 atqua
405 2016 473 2069 haee
485 2017 606 2070 absentia
615 2023 677 2070 tuna
686 2017 772 2070 fuisse
783 2024 858 2085 puta.

420 2143 454 2184 86.
477 2140 510 2184 In
527 2142 662 2184 hibentes
681 2154 778 2197 aquam
797 2140 927 2184 calidam.

276 2232 408 2297 Setinum,
421 2235 603 2300 dominaeque
614 2236 704 2299 nives,
720 2235 850 2302 densique
860 2237 981 2298 trientes,

314 2309 424 2375 quando
435 2324 486 2376 ego
497 2325 556 2371 vos,
569 2310 675 2361 medico
687 2326 742 2362 non
754 2310 923 2376 prohibente,
934 2310 1044 2361 bihaml

276 2382 382 2435 Stultus
393 2388 420 2434 et
430 2384 562 2449 ingratus,
579 2390 715 2436 nectente
726 2400 837 2437 munere
846 2386 953 2452 dignus,

313 2460 360 2525 qui
372 2457 474 2509 mamrlt
484 2456 561 2509 heres
572 2460 665 2510 divitis
676 2474 736 2510 esse
745 2459 849 2510 Midae.
910 2457 924 2480 ⁸

273 2533 425 2590 Possideat
437 2532 560 2599 Libycos
570 2549 684 2596 messes,
701 2533 885 2599 Hermumque
902 2534 1070 2600 Tagumque,

313 2614 342 2659 et
351 2614 429 2675 potet
439 2608 567 2671 calidam,
579 2610 625 2675 qui
634 2605 701 2657 mihi
713 2608 787 2671 livet,
799 2624 906 2675 aquam.

536 2717 570 2756 at.
593 2712 634 2757 Ad
654 2712 810 2757 Caesarem.

271 2795 312 2848 Dt
321 2796 375 2847 tihi
386 2796 458 2858 dent,
470 2802 497 2847 et
506 2802 547 2861 tn,
564 2796 673 2863 Caeaer,
685 2812 867 2869 quaeeunque
876 2800 1011 2854 meretha:

302 2868 412 2917 dimili
419 2869 491 2936 dent
503 2878 533 2924 et
542 2879 580 2939 tu,
593 2878 760 2948 quaerela,
775 2879 918 2938 almani.
