2750 3450
625 346 837 394 menemus

492 469 524 509 1⁹.
548 465 579 508 ln
597 465 780 509 Posthumum
799 465 986 510 causidicum.

428 558 491 610 Nou
502 560 535 610 de
544 561 580 621 vi,
590 575 677 625 neque
688 561 780 622 caede,
791 574 841 610 nec
849 574 970 624 veueuo,

429 634 477 685 sed
487 634 521 684 lis
532 638 574 683 est
583 631 651 684 mihi
661 634 694 684 de
704 634 790 684 tribus
805 633 929 699 capellis.

429 708 520 758 Vicini
530 724 628 774 queror
641 707 691 759 has
698 709 792 759 abesse
802 706 885 759 furto.

428 783 492 833 Hoc
501 783 584 832 iudex
593 782 647 832 sibi
658 783 781 848 postulat
790 782 917 848 probarit

428 863 458 907 tu
470 857 585 919 Cannas,
596 855 867 923 Mithridaticumque
877 856 995 920 bellum,

429 938 456 982 et
465 932 586 997 periuria
596 930 693 981 Punici
703 931 813 994 furoris,

429 1014 456 1058 et
466 1006 565 1068 Sullas,
576 1005 744 1073 Mariosque,
755 1006 918 1071 Muciosque

428 1096 527 1148 magua
536 1097 604 1131 voce
614 1095 706 1143 sonas,
716 1095 850 1146 manuque
860 1085 931 1130 tota.

429 1157 485 1206 lam
497 1156 550 1218 dic,
560 1154 718 1218 Posthume,
728 1155 761 1206 de
770 1154 858 1206 tribus
869 1154 997 1221 capellis.

603 1271 637 1309 20.
662 1267 694 1308 lu
712 1266 859 1308 Phoebum.

338 1362 434 1412 Mutua
444 1366 471 1410 te
482 1365 589 1410 centum
599 1361 734 1422 sestertia,
745 1359 864 1422 Phoebe,
875 1364 990 1427 rogavi:

375 1452 433 1486 cum
445 1433 510 1484 mihi
522 1435 646 1497 dixisses,
657 1436 746 1501 exigis
757 1450 821 1501 ergo
831 1432 918 1485 nihili

337 1511 463 1576 inquiris,
475 1510 592 1571 dubitas,
604 1511 750 1573 cunctaris,
761 1525 856 1576 meque
867 1510 965 1562 (liebus

373 1592 453 1650 teque
464 1585 556 1635 decem
567 1586 687 1635 crucias:
705 1586 759 1635 iam
771 1600 849 1652 rogo,
860 1583 982 1649 Phoebe,
993 1603 1075 1655 nega.

521 1694 555 1732 21.
580 1690 618 1733 De
638 1688 733 1733 Stella
752 1694 779 1732 et
797 1688 939 1733 Isuthide.

338 1784 496 1850 Perpetuam
509 1784 610 1836 Stellae
622 1785 684 1834 dum
695 1785 784 1851 irmgit
794 1781 921 1835 lauthida
934 1786 994 1835 vati

374 1860 446 1910 laeta
457 1859 557 1923 Venus,
568 1860 650 1909 dixit:
660 1860 721 1926 plus
733 1860 797 1910 dare
807 1874 862 1909 non
876 1859 964 1925 potui.

338 1935 413 1984 llaec
425 1951 516 1985 coram
528 1936 650 1985 domina:
668 1935 716 1984 scd
726 1935 841 2001 nequius
850 1934 959 1990 illudr‘u
971 1949 1083 1986 arerem:

373 2016 401 2058 tu
413 2026 445 2058 uo
457 2010 521 2075 quid
532 2025 635 2074 pecces,
647 2010 773 2071 exitiose,
784 2009 854 2059 vide.

337 2083 423 2149 Saepe
435 2100 485 2149 ego
497 2085 628 2133 lascivum
640 2083 756 2134 lllartem
767 2082 914 2133 furibunda
924 2085 1024 2148 cecidi,

373 2159 511 2224 legitimos
522 2163 594 2207 esset
604 2174 663 2208 cum
673 2174 759 2224 vagus
770 2163 831 2209 ante
842 2163 928 2208 toros.

337 2232 390 2283 Sed
402 2240 544 2298 postquam
555 2248 630 2283 meus
643 2239 692 2295 est,
702 2234 778 2283 nulla
788 2249 830 2283 me
840 2233 938 2298 pellice
948 2233 1049 2285 laesit:

373 2313 428 2355 tam
439 2307 510 2373 frugi
521 2308 588 2357 luno
600 2308 682 2359 vellet
692 2306 791 2358 habere
802 2307 901 2358 lovem.

338 2382 422 2443 Dixit,
435 2389 461 2431 ct
473 2398 572 2432 arcano
584 2384 719 2448 percussit
729 2389 840 2448 pectora
849 2382 920 2433 loro.

375 2456 460 2523 Plaga
469 2459 557 2507 iuvat:
574 2457 622 2508 sed
632 2464 661 2507 tu
670 2460 736 2520 iam,
748 2458 808 2519 dea,
819 2458 902 2508 caede
913 2457 994 2509 duos.

582 2566 616 2603 22,
641 2562 670 2603 Iu
689 2562 875 2603 Proculinam.

429 2639 509 2698 Quod
520 2640 608 2701 nubis,
619 2639 775 2700 Proculiua‚
788 2639 950 2703 concubino,

428 2720 455 2763 et
465 2712 606 2763 moechum
616 2714 709 2775 modo,
720 2729 791 2763 uunc
800 2712 869 2763 lacis
880 2715 1009 2766 maritum
1020 2752 1027 2768 .

417 2790 511 2840 uelox
522 2789 596 2843 lulla
606 2797 634 2843 te
643 2796 743 2842 notate
752 2790 857 2856 possit:

409 2881 469 2918 nou
479 2869 579 2934 uubis,
592 2869 763 2931 Proculiua‚
773 2864 823 2916 sed
830 2862 940 2913 lateris.
