2750 3450
348 364 397 416 232
636 363 852 411 monuistis

576 486 612 528 dl.
636 484 676 527 ne
694 481 910 540 Spendophoro.

350 565 563 636 Spendophorus
573 566 695 636 Libycas
705 568 810 620 domini
823 568 893 634 petit
902 569 1023 637 armiger
1032 570 1113 622 urbes:

386 659 455 710 quoe
466 659 550 710 puero
562 644 656 706 dones,
666 644 731 707 tela,
743 641 858 709 Cupido,
869 657 947 709 pers,

348 717 399 768 illa
410 718 507 784 quibus
517 719 628 770 iuvenes
638 718 709 786 figis,
718 718 869 785 mollesque
878 717 999 783 puellas:

386 793 423 844 sit
431 797 523 844 tamen
532 793 562 844 in
570 798 664 844 tenera
674 793 742 844 levis
752 798 780 843 et
788 789 869 842 haste
878 807 969 844 manu.

349 865 479 918 Loricam
490 867 669 935 clypeumque
678 867 731 919 tihi
739 867 901 935 galeamque
911 869 1034 934 remitto,
1069 924 1075 940 Ι

385 947 460 993 tutus
468 947 500 993 ut
508 942 623 994 invadat
631 936 746 1009 proelio,
756 941 844 992 nudus
856 947 909 992 eat

348 1014 523 1079 Nonianum,
533 1033 589 1068 non
600 1032 662 1068 ense
674 1015 735 1080 suit,
745 1017 870 1069 laesusve
880 1017 993 1084 sagitta,

386 1091 494 1143 casside
505 1092 568 1142 dum
577 1091 647 1142 liber
656 1089 878 1157 Parthenopaeus
889 1098 957 1143 eret.

351 1165 481 1234 Quisquis
492 1167 526 1217 ab
536 1164 590 1217 hoc
599 1165 682 1217 luerit
692 1165 770 1229 fixus,
780 1166 913 1218 morietur
924 1182 1029 1220 amore.

386 1240 495 1304 Ofelli,
506 1242 531 1292 si
541 1256 619 1307 quern
628 1245 685 1291 tam
695 1242 769 1292 bona
777 1239 836 1292 fate
848 1239 971 1292 manent!

349 1314 421 1366 Dum
431 1330 499 1381 puer
509 1331 546 1379 es,
558 1316 663 1379 redeas,
674 1316 738 1366 dum
748 1315 838 1366 vultus
849 1314 985 1380 lubricus3
1001 1321 1029 1369 ct
1037 1323 1065 1369 te

385 1407 441 1442 non
451 1389 541 1457 Libye
551 1389 646 1454 faciut,
656 1390 705 1441 sed
714 1396 762 1441 tuo
772 1380 860 1441 Romo
869 1391 966 1442 virum.

617 1499 651 1539 58.
673 1493 707 1537 In
725 1493 869 1549 Hedylum.

439 1576 486 1630 Nil
496 1581 538 1628 est
546 1577 638 1628 nitius
649 1576 755 1644 Hedyli
764 1576 890 1639 lacernis,

438 1668 495 1704 non
505 1667 589 1704 ensec
598 1657 718 1703 veterum
729 1649 944 1714 Corinthiorum,

438 1744 490 1781 nee
500 1744 560 1780 crus
572 1728 703 1794 compede
712 1727 846 1780 lubricum
856 1726 984 1793 decenni,¹

439 1818 494 1856 non
504 1809 601 1870 ruptae
612 1804 730 1856 recutita
740 1803 813 1855 colle
822 1803 922 1865 mulm,

439 1894 489 1930 nec
500 1894 569 1945 quae
579 1879 743 1929 Flaminiam
758 1884 853 1929 secant
865 1877 1001 1942 salebrae,

439 1969 490 2005 nec
500 1954 547 2020 qui
556 1954 684 2005 litoribus
694 1955 782 2005 nitent
790 1952 890 2020 lapilli,

439 2044 490 2079 nee
500 2028 592 2080 Tusca
601 2029 658 2096 ligo
668 2028 749 2079 vinea
758 2028 871 2094 politus,

438 2118 489 2154 neo
498 2103 604 2169 pallens
615 2110 681 2170 toga
691 2103 793 2154 mortui
801 2102 920 2166 tribulis,
1006 2131 1013 2148 s

439 2177 489 2228 nec
499 2178 571 2244 pigri
581 2184 643 2228 rota
654 2193 755 2243 quasso
763 2178 903 2240 mulionis,

439 2268 490 2304 nec
499 2267 589 2302 rasum
601 2268 685 2303 cavea
695 2252 767 2303 latus
779 2251 907 2314 bisontis,

439 2343 491 2379 nce
501 2327 567 2378 dens
577 2327 631 2377 iam
643 2328 735 2379 senior
745 2327 846 2378 ferocis
857 2326 931 2392 apri:

439 2418 482 2453 res
493 2417 548 2453 nno
558 2408 709 2466 esttamen,
720 2403 791 2469 (ipse
800 2416 856 2452 non
868 2402 1004 2468 negabit,)

441 2478 517 2529 culus
526 2477 620 2529 tritior
628 2477 735 2544 Hedyli
743 2477 870 2528 lacernis.

543 2585 578 2627 59·
603 2581 643 2625 Ad
662 2579 814 2638 Nymphon
834 2581 945 2625 Sebini.

349 2656 375 2709 N
375 2657 478 2724 ymphe
487 2660 560 2710 sacri
569 2660 665 2726 regino
673 2658 759 2723 lacus,
770 2659 814 2709 eni
823 2665 904 2726 grata
913 2658 1046 2725 Sabinus,

358 2742 362 2750 ·
387 2737 415 2783 et
424 2749 551 2785 mansura
561 2735 609 2800 pio
619 2749 728 2785 munere
738 2734 840 2801 templa
851 2733 941 2786 dedite

350 2809 391 2859 sie
400 2813 531 2860 montone
540 2816 603 2859 toros
613 2824 720 2876 semper
730 2809 804 2860 eolat
814 2808 928 2860 Umbrio
937 2810 1040 2875 fontes,

386 2898 437 2935 nee
446 2888 494 2935 tua
503 2883 625 2933 Baianas
636 2881 750 2934 Sarsina
758 2884 838 2935 molit
848 2898 949 2951 aquas:
