2750 3450
425 350 743 402 EPIGRAMMATUM
770 356 839 403 ΜΒ.
864 358 919 405 Vll.
1022 357 1070 407 iil

268 474 404 542 nullaque
413 476 486 527 mica
495 476 571 539 salis,
586 493 637 529 nec
647 480 734 530 amari
743 478 816 534 fellis
826 481 855 531 in
865 481 922 532 illis

310 556 390 618 gutta
400 551 450 602 sits
462 566 478 602 o
489 551 606 615 demens,
617 553 659 604 vis
668 559 760 605 tamen
769 555 820 604 illa
828 553 896 622 legi!

270 625 333 678 Nec
344 625 420 676 cibus
429 626 489 691 ipse
498 627 576 677 iuvat
589 643 682 678 morsu
692 627 836 680 fraudatus
847 631 931 681 aceti:

310 716 362 751 nec
373 706 453 767 grata
463 706 505 751 est
513 699 613 764 facies,
630 703 672 752 cui
683 703 824 770 gelasinus
834 705 919 755 abest.

269 774 376 826 Infanti
386 775 523 826 melimela
532 776 607 839 dato,
618 775 763 844 fatuasque
773 780 918 830 mariscas:

310 865 375 900 nam
384 847 460 912 milri,
473 864 543 917 quae
553 851 631 903 novit
640 867 768 919 pungere,
779 851 849 904 Chia
858 856 939 920 sapit.

376 974 410 1014 26.
434 969 575 1015 Scezonte
594 973 686 1015 mittit
706 974 740 1016 ed
756 973 961 1030 Apollinarem.

328 1067 512 1135 Apollinarem
523 1067 637 1119 conveni
649 1083 747 1130 meum,
758 1083 868 1132 scazon,

329 1148 359 1194 et
367 1143 392 1194 si
402 1143 519 1205 vacabit,
532 1145 576 1205 (ne
586 1141 717 1193 molestus
729 1142 856 1206 accedas)

327 1215 382 1269 hoc
393 1217 592 1284 qualecunque,
610 1217 686 1268 cuius
699 1217 792 1284 aliqua
802 1233 866 1284 pars
875 1218 935 1284 ipse
945 1225 994 1278 est,

329 1293 421 1344 dabis:
432 1290 485 1343 hoc
495 1290 612 1342 facetum
625 1307 732 1342 carmen
742 1293 867 1343 imbuant
877 1308 965 1344 aures.

328 1366 359 1419 Si
368 1373 396 1418 te
409 1372 546 1433 receptum
556 1366 645 1418 fronte
655 1367 757 1418 videris
767 1373 836 1431 tota,

328 1447 396 1494 noto
406 1442 518 1509 rogabis
527 1447 557 1493 ut
570 1440 665 1493 favore
676 1447 816 1493 sustentet„

329 1516 439 1578 Quanto
451 1532 570 1567 mearum
585 1518 639 1567 scis
651 1531 744 1568 amore
754 1533 886 1585 nugarum

327 1591 438 1659 flagret:
449 1607 499 1642 nec
508 1593 567 1659 ipse
578 1591 639 1658 plus
650 1606 742 1642 amare
752 1597 779 1643 te
789 1608 909 1659 possum.

329 1667 433 1719 Contra
442 1667 578 1735 malignos
589 1681 649 1717 esse
662 1667 687 1716 si
699 1668 775 1734 cupis
784 1672 867 1731 tutus,

327 1743 515 1810 Apollinarem
525 1742 639 1794 conveni
649 1757 747 1805 meum,
758 1758 868 1793 scazon.

399 1850 433 1889 al.
457 1847 497 1888 Dc
515 1859 583 1900 apro
604 1845 660 1887 sili
680 1858 694 1887 ι
713 1846 825 1888 Dextro
850 1848 941 1890 mirso.

262 1941 382 1994 Tuscae
390 1940 500 2008 glandis
511 1956 578 2007 aper
587 1938 744 2007 populator,
759 1946 787 1991 et
796 1941 860 1992 ilice
872 1942 958 1992 mrrlte

306 2018 367 2068 iam
377 2015 463 2083 piger,
473 2016 587 2069 Aetolae
598 2015 672 2067 lama
682 2016 802 2067 secunda
811 2015 895 2080 serae,

259 2107 353 2161 quem
362 2105 439 2141 meus
448 2091 563 2143 intravit
576 2091 730 2158 splendenti
741 2092 852 2158 cuspide
863 2092 975 2155 Dexter,

307 2165 415 2234 praede
423 2165 498 2217 iaces
508 2167 610 2218 nostris
620 2167 760 2218 invidiosa
769 2165 849 2217 iocis.

256 2236 458 2308 Pinguescant
466 2242 580 2293 madido
590 2242 655 2292 tetri
665 2242 762 2293 nidore
772 2241 897 2306 Penates,

307 2316 409 2383 flagret
419 2321 447 2366 et
456 2317 548 2368 exciso
559 2316 631 2368 festa
641 2317 733 2367 culina
742 2317 817 2383 iugo.

256 2388 326 2458 Sed
338 2399 445 2458 ccqmrs
453 2391 590 2459 ingentem
604 2392 708 2458 piperis
719 2396 860 2443 consumet
870 2406 1006 2454 acervum,

309 2465 395 2517 addet
404 2469 432 2516 et
443 2479 544 2517 arcano
555 2468 640 2516 mixta
648 2466 768 2515 Falerna
777 2480 854 2532 garo.

254 2541 312 2593 Ad
324 2540 466 2605 dominum
476 2540 586 2592 redeas:
601 2547 695 2591 noster
703 2545 731 2590 te
741 2556 796 2590 non
807 2540 882 2606 capit
894 2539 975 2606 ignis,

309 2615 492 2667 conturbator
502 2630 576 2682 aper.
606 2613 697 2666 Vilius
713 2615 813 2666 esurio.

549 2724 584 2764 28.
608 2720 648 2762 Ad
667 2718 791 2761 Fuscum.

258 2795 320 2852 Sic
330 2798 493 2850 Tiburtinae
504 2804 610 2849 crescat
622 2797 673 2850 tibi
689 2796 761 2851 silva
770 2796 893 2863 Dianae,

243 2927 253 2934 ,
303 2877 471 2936 etproperet
479 2887 587 2925 caesum
599 2890 686 2945 saepe
697 2876 795 2933 redire
805 2892 925 2932 nemusa
