2750 3450
716 414 721 429 Ι

1067 442 1070 449 ι

307 579 323 627 8
592 578 807 626 maurianis
898 592 900 597 ·

308 699 370 752 Nou
380 698 527 752 Marathon
537 706 653 765 taurum,
663 701 765 754 Nemee
774 700 908 753 frondosa
917 702 1038 766 leonem,

347 791 425 826 arcas
435 775 602 827 Maenalium
612 792 667 829 non
676 777 813 828 timuisset
823 791 926 843 aprum.

310 849 387 901 llaec
397 856 501 901 armata
511 865 606 902 manus
615 848 719 918 hydrae
729 865 804 901 mors
813 865 869 901 una
877 848 984 913 luisset,

345 922 409 975 huic
418 939 547 990 percussa
556 925 628 978 foret
636 932 697 977 tcta
707 923 852 976 Chimaera
861 925 953 977 aculei.

309 999 454 1065 Aeripedes
465 1006 558 1065 posset
567 1001 625 1051 sine
635 998 765 1051 Colchide
775 1001 882 1050 vincere
891 1007 1000 1051 tainus:

346 1073 451 1125 solvere
461 1080 489 1125 et
498 1072 646 1126 Hesiuuem
657 1075 741 1137 solus,
751 1079 779 1125 et
788 1073 985 1124 Andromedeu.

310 1147 459 1199 Herculeae
469 1149 559 1200 laudis
570 1155 723 1200 numeretur
732 1149 834 1215 gloria:
855 1148 916 1214 plus
926 1153 968 1199 est

346 1222 388 1274 bis
400 1224 483 1274 denas
493 1224 595 1289 pariter
604 1222 791 1289 perdomuisse
801 1221 882 1273 feras.

558 1331 592 1369 28.
620 1327 660 1369 lle
678 1325 847 1368 naumachia.

266 1448 273 1463 Ι
310 1395 421 1460 Augusti
435 1393 529 1443 laudes
539 1391 655 1455 fuerant,
667 1393 835 1444 committere
845 1393 956 1457 classes,

347 1475 374 1518 et
383 1466 454 1518 freta
463 1466 556 1518 navali
567 1467 718 1518 sollicitare
727 1467 806 1517 tuba:

310 1541 435 1592 Caesaris
445 1538 513 1592 haec
523 1542 609 1592 nostri
619 1556 683 1608 pars
694 1547 736 1592 cst
746 1540 845 1607 quota!
869 1541 948 1594 Vidit
960 1544 989 1594 iu
1000 1545 1080 1596 turdis

346 1622 373 1666 et
382 1614 478 1666 Thetis
487 1617 605 1683 ignotas,
620 1622 648 1666 et
657 1614 774 1667 Galatea
784 1615 865 1667 feras.

309 1688 387 1741 Vidit
395 1690 425 1741 in
435 1705 572 1758 aequoreo
581 1689 716 1743 ferventes
731 1690 840 1757 pulvere
850 1707 953 1755 murus,

346 1772 374 1815 et
383 1765 487 1816 domini
498 1765 595 1818 Triton
603 1766 663 1834 ipse
672 1766 780 1832 putavit
789 1781 884 1833 equos.

308 1838 433 1906 Dumque
443 1847 523 1908 parat
533 1840 621 1892 saevis
631 1841 737 1892 ratibus
746 1839 806 1892 iera
815 1841 922 1909 proclia
930 1840 1046 1901 Nereus.

347 1915 600 1982 abnuitinliquidis
610 1916 651 1967 ire
660 1914 787 1983 pedester
796 1917 884 1983 aquis.

311 1988 450 2055 Quidquid
460 1990 525 2041 etin
536 1989 615 2042 Circo
626 1995 773 2058 spectatur,
787 1996 815 2043 ct
825 1988 1035 2059 amphitheatro.

347 2064 422 2115 dives
433 2065 569 2116 Caesarea
577 2066 715 2132 praestitit
724 2066 797 2117 unda
805 2066 867 2118 tibi.

310 2138 427 2190 Fucinus
438 2145 465 2190 et
475 2140 546 2206 pigri
556 2145 698 2190 taceantur
707 2146 805 2207 stagna
819 2138 950 2191 Neronist

346 2210 416 2264 hanc
425 2215 517 2264 norint
526 2227 606 2263 unam
617 2212 728 2264 saecula
736 2211 936 2264 naumachiam.

410 2320 444 2359 29.
470 2316 509 2359 De
524 2316 623 2359 Prisco
643 2318 670 2357 et
684 2316 757 2357 Vero
777 2314 997 2368 gladiatoribus.

311 2410 376 2460 Cum
387 2407 508 2460 traheret
516 2408 634 2470 Priscus,
645 2405 767 2458 traheret
776 2408 925 2459 certamina
934 2404 1032 2471 Verus,

346 2490 418 2535 esset
427 2489 455 2534 ct
465 2482 587 2549 aequalis
595 2481 672 2532 Mars
685 2481 826 2547 utriusque
836 2480 899 2543 diu3

309 2559 404 2609 missio
415 2572 496 2623 saepe
506 2556 573 2608 viris
582 2570 681 2622 magno
694 2555 813 2607 clamore
826 2556 913 2622 petita
923 2561 977 2605 ests

346 2633 394 2684 sed
405 2631 506 2682 Caesar
516 2630 570 2698 legi
581 2630 672 2696 paruit
680 2630 741 2697 ipse
753 2645 829 2681 suae.

309 2706 368 2757 Lex
378 2712 444 2769 erat,
461 2706 496 2756 ad
506 2704 621 2771 digitum
631 2705 723 2771 posita
733 2718 892 2756 concurrere
902 2702 1006 2769 palma:

346 2781 419 2847 quud
430 2779 516 2842 licuit,
527 2779 619 2830 lances
630 2779 756 2846 donaque
766 2795 848 2846 saepe
859 2777 942 2829 dedit

309 2855 435 2906 inventus
445 2859 536 2905 tamen
546 2860 588 2905 est
598 2852 659 2904 linis
671 2853 836 2905 discriminis
846 2853 939 2919 aequi3

346 2943 499 2996 pugnavere
509 2943 598 2993 pares,
608 2929 773 2980 succubuere
783 2943 871 2995 pares.

309 3002 387 3053 Misit
395 3003 503 3069 utrique
514 3002 603 3065 rudes,
615 3008 643 3053 et
651 3003 757 3069 palmas
768 3003 870 3054 Caesar
879 3002 999 3068 utrique=

346 3074 398 3128 huc
408 3078 524 3144 pretium
534 3077 619 3129 virtus
629 3078 773 3145 ingeniosa
782 3077 855 3129 tulit.
