2750 3450
335 409 384 461 392
492 406 744 456 nlvmusouum
764 404 984 453 lominum

409 549 489 586 nemo
501 538 543 584 est
552 531 640 585 feroci
650 531 825 598 pectorosior
833 530 936 582 Marte.

411 609 491 671 Quod
502 609 526 659 si
540 608 600 675 quis
610 609 683 658 inter
692 605 761 658 haec
769 606 849 658 locus
859 604 930 662 mihi
939 613 1040 672 restat,

409 685 476 738 deus
488 683 591 750 Priapo
602 683 779 734 mentulatior
788 697 845 733 non
855 687 906 733 est.

604 793 639 831 37.
663 789 730 832 Voti
750 785 867 830 solutio.

429 868 484 919 Gur
492 867 597 934 pictum
607 866 723 917 memori
733 867 770 918 sit
778 867 807 916 in
817 867 925 919 tabella

428 944 587 1006 membrum,
599 935 740 1009 quaeritis,
750 942 822 994 unde
831 958 1024 1009 procreamur.
1045 949 1049 955 '

429 1017 496 1071 cum
507 1019 585 1086 penis
595 1016 663 1069 mihi
672 1015 744 1069 forte
754 1016 845 1068 laesus
856 1025 939 1082 esset,

430 1092 604 1162 chirurgique
613 1109 722 1144 manum
734 1093 817 1144 miser
829 1093 972 1145 timerem:

430 1171 473 1222 dis
483 1185 526 1220 me
536 1170 676 1238 legitimis,
689 1169 825 1234 nimisque
835 1170 957 1236 magnis,

429 1251 460 1297 ut
469 1243 593 1308 Phoebo,
604 1251 679 1313 puto,
692 1244 804 1310 illioque
814 1241 934 1310 Phoebi,

430 1326 552 1373 curetum
564 1320 630 1371 dare
640 1320 789 1371 mentulam
799 1319 924 1372 verebar.

429 1396 512 1454 Huic,
524 1395 590 1459 dixi,
601 1394 643 1446 ier
653 1410 743 1461 opem,
753 1394 862 1462 Priape,
872 1398 960 1462 parti,

431 1473 507 1523 cuius
518 1476 556 1534 tu,
568 1475 655 1536 pater,
669 1471 730 1538 ipse
741 1471 918 1537 pervideris:

429 1561 484 1615 qua
494 1546 572 1598 salva
581 1546 640 1597 sine
651 1546 774 1597 sectione
784 1544 869 1610 iacta,

429 1628 547 1690 ponetur
555 1621 606 1674 tibi
617 1621 702 1688 picta,
713 1635 794 1688 quem
809 1622 921 1684 levaris,

431 1714 542 1767 parque,
554 1697 770 1766 consimilisque,
781 1697 981 1766 concolorqnc.

430 1773 645 1826 Promisitioret
663 1774 866 1839 mentulemque
876 1775 969 1825 movit

431 1866 480 1918 pro
491 1856 558 1901 nutu
569 1851 644 1914 deus,
655 1855 683 1901 et
694 1854 793 1916 rogata
806 1848 880 1900 fecit.

639 1942 674 1980 38.
701 1938 832 1994 Priapos.

251 2023 254 2028 '
339 2015 507 2083 Simpliciter
516 2017 568 2068 tibi
578 2032 629 2079 me,
641 2016 823 2083 quodcunque
833 2019 884 2078 cst,
895 2014 990 2066 dicere
1003 2025 1125 2084 oportet:

375 2098 474 2143 nature
484 2098 526 2143 est
536 2092 665 2158 quoniam
676 2105 783 2157 semper
794 2096 890 2155 aperta
900 2089 979 2142 mihi.

339 2168 490 2219 Paedicare
501 2168 579 2219 volo:
590 2174 619 2217 tu
631 2167 672 2218 vis
683 2166 829 2230 decerpere
841 2181 933 2232 poma.

333 2312 336 2317 ⁴
378 2243 458 2304 Quod
469 2249 543 2309 peto,
554 2244 579 2294 ni
589 2242 711 2294 dederis:
723 2240 798 2308 quod
808 2242 888 2308 petis,
901 2241 1036 2309 accipies.

637 2352 672 2392 39.
696 2348 831 2404 Priapus.

448 2427 552 2479 Forma
561 2426 715 2478 Mercurius
726 2431 818 2493 potest
828 2425 952 2491 placere:

450 2502 541 2553 forma
551 2503 761 2569 conspiciendus
772 2506 813 2552 est
822 2500 938 2567 Apollo=

448 2579 586 2630 formosus
598 2594 707 2646 quoque
717 2577 839 2645 pingitur
848 2575 975 2643 Lyaeus:

447 2653 665 2705 formosissimus
676 2654 797 2705 omnium
809 2658 851 2703 est
861 2652 980 2719 Cupido.

447 2728 494 2781 Mc
505 2727 621 2798 pulcluo
637 2729 729 2786 iotcor
748 2743 841 2779 carere
851 2727 956 2779 forma:

447 2826 548 2865 verum
557 2802 1009 2877 mentulclucuuentunosuuesu.

446 2888 529 2944 hanc
537 2888 656 2943 uiouult
666 2882 737 2942 silli,
746 2870 1054 2943 llffiffiQW‘Q‘

283 2991 362 3013 *²-
445 2972 477 3029 si
493 2985 558 3043 qua
571 2971 622 3021 est
630 2976 698 3018 non
706 2951 788 3008 ictui
795 2942 898 3011 puella
904 2945 1000 2983 ‘mm‘
