2750 3450
342 377 392 426 21⁰
631 375 844 423 maurianis

343 513 455 564 condita
464 514 608 578 perspicua
616 512 685 562 vivit
694 510 832 562 undenis
843 525 962 578 gemma,

379 594 407 637 et
415 588 517 654 tegitur
526 585 601 650 felix,
612 602 662 637 nec
670 593 761 636 tamen
770 600 825 636 uva
833 585 910 637 latet.

343 661 499 712 Femineum
510 661 583 713 lucet
592 661 633 712 sic
642 676 691 726 per
699 660 867 726 bombycina
876 675 991 726 eorpus:

382 736 501 786 calculus
511 737 541 786 in
551 735 639 787 nitida
648 736 690 786 sic
697 740 855 786 numeratur
864 750 945 801 aqua.

346 809 417 870 Quid
429 826 483 861 uon
493 811 603 878 ingenio
614 810 704 861 voluit
712 815 810 861 natura
820 808 920 860 liceret

380 885 542 935 Autumnum
552 885 654 936 sterilis
664 883 736 936 ferre
745 885 854 936 iubetur
864 883 959 935 hiems

606 968 641 1008 69.
664 965 696 1007 lu
715 966 871 1010 vnesmn.

450 1028 562 1079 Miraris
571 1033 685 1090 veteres,
698 1026 828 1091 Vacerra,
837 1027 924 1089 solos,

452 1119 502 1153 nec
511 1102 608 1152 laudas
618 1103 674 1153 uisi
682 1107 807 1155 mortuos
816 1108 922 1169 poetas.

452 1177 582 1244 Ignoscas
592 1178 717 1243 petimus,
727 1175 861 1228 Vacerra:
875 1177 946 1227 tanti

451 1267 507 1302 non
518 1258 567 1314 est,
577 1257 608 1301 ut
615 1251 739 1317 placeam
749 1252 811 1315 tibi,
821 1251 919 1318 perire.

630 1336 665 1374 ¹1⁰.
690 1334 729 1374 De
750 1330 851 1374 Nerva

347 1395 455 1457 Quanta
467 1395 544 1461 quies
552 1395 665 1461 placidi,
673 1402 751 1448 tauta
761 1403 802 1447 est
811 1395 942 1447 facundia
950 1393 1071 1447 Nema:

382 1470 430 1520 sed
442 1467 551 1520 cohibet
560 1471 632 1522 vires
642 1472 834 1539 ingeniumque
845 1470 942 1537 pudor.

347 1545 413 1595 Cum
424 1545 527 1595 siccare
537 1560 643 1597 sacram
653 1546 732 1613 largo
742 1544 916 1597 Permessida
926 1549 1022 1611 posset

383 1635 439 1682 ore,
448 1618 626 1670 verecundam
636 1621 735 1671 maluit
744 1636 803 1672 esse
812 1621 900 1671 sitim:

345 1694 463 1746 Pieriam
473 1694 548 1745 tenui
558 1693 675 1747 frontem
686 1695 816 1748 redimire
827 1708 931 1747 corona

384 1775 534 1832 contentus,
545 1769 634 1822 lamae
644 1786 695 1823 nec
704 1771 770 1822 dare
780 1770 842 1821 vela
852 1784 927 1821 suae.

346 1843 400 1896 Sed
409 1850 498 1895 tamen
510 1842 580 1896 hunc
594 1847 682 1897 nostri
692 1846 744 1897 scit
753 1844 886 1911 temporis
896 1858 957 1895 esse
967 1840 1112 1902 Tibullum,

385 1920 506 1971 camnine
515 1919 562 1986 qui
573 1920 648 1971 docti
657 1926 725 1972 nota
738 1918 855 1971 Neronis
866 1917 956 1969 habet

576 2011 610 2049 li.
634 2008 665 2049 ln
683 2008 901 2050 Postumianum.

348 2073 473 2135 Quatuor
483 2077 589 2140 argenti
599 2075 684 2126 libras
695 2073 762 2126 mihi
771 2078 893 2140 tempore
899 2073 1013 2125 brumae

383 2148 483 2198 misisti
494 2153 556 2198 aute
567 2164 662 2212 annos,
672 2149 857 2211 Postumiana,
868 2147 970 2199 decem.

348 2222 473 2288 Speranti
483 2223 573 2288 plures
584 2228 658 2288 (nam
668 2231 742 2275 stare
752 2230 800 2275 aut
810 2238 931 2275 crescere
942 2222 1041 2274 debent

384 2299 506 2359 munera)
517 2306 646 2349 venerunt
655 2300 750 2365 plusve
760 2300 881 2349 minusve
892 2297 971 2349 duae.

348 2372 457 2423 Tertius
468 2378 495 2422 et
506 2380 617 2438 quartus
627 2374 712 2425 multo
726 2372 859 2425 inferiora
868 2372 995 2424 tuderani.

384 2446 469 2496 Libra
479 2445 532 2497 fuit
541 2450 636 2514 quinto
648 2447 811 2515 Septitiana.
837 2447 909 2509 Quid
919 2445 977 2497 esti

348 2521 486 2571 Bessalem
497 2522 532 2571 ad
542 2524 674 2574 scutulam
685 2529 763 2573 sexto
775 2523 945 2589 pervenimus
955 2537 1040 2572 anno:

385 2602 448 2661 post
457 2594 528 2646 hunc
536 2599 565 2647 in
576 2599 668 2649 cotula
677 2612 742 2648 rasa
751 2598 853 2649 selibra
863 2597 928 2647 data
939 2603 988 2646 est.

349 2670 467 2720 Octavus
478 2670 590 2737 ligulam
601 2674 677 2724 misit
685 2677 809 2723 sextante
819 2672 965 2722 minorem:

385 2760 472 2794 nouus
484 2760 535 2795 acu
544 2747 631 2797 levius
642 2748 688 2797 vix
699 2745 841 2799 cochleare
850 2747 922 2797 tulit.

351 2818 430 2879 Quod
440 2819 531 2869 mittat
540 2822 629 2885 nobis,
640 2822 761 2873 decimus
770 2821 825 2871 iam
836 2836 891 2871 non
904 2818 987 2871 habet
997 2831 1085 2870 annus·

388 2892 512 2955 Quatuor
523 2896 557 2946 ad
567 2896 661 2959 libras,
671 2895 857 2960 Postumiana,
869 2894 937 2947 redi.
