2750 3450
481 677 649 734 mm
678 677 950 731 MARTlALlS

316 805 1118 882 EPIGRAMMATUM

549 956 875 1009 nrannxu.

613 1076 815 1098 a

351 1188 386 1233 Μ.
404 1187 478 1233 VAL.
495 1185 675 1234 MARTlALIS
698 1186 813 1233 Plusco
832 1187 895 1233 SUO
914 1184 1084 1232 SALUTEM.

357 1272 429 1342 Scio
440 1302 482 1338 me
494 1287 677 1354 patrocinium
689 1287 788 1340 debere
801 1287 1060 1339 contumacissimae
1070 1286 1116 1337 tri·

317 1361 393 1412 ennii
404 1362 540 1414 desidiaez
561 1377 631 1431 quae
647 1362 816 1415 absolvenda
824 1378 879 1413 non
889 1367 962 1413 erret
971 1361 1045 1413 inter
1054 1360 1116 1411 illac

318 1451 427 1503 quoque
439 1438 635 1504 occupatione·
645 1437 770 1501 urbicas,
783 1437 884 1511 'quibua
899 1435 1012 1487 facilius
1023 1450 1115 1487 conae-

319 1512 439 1577 quinrur,
458 1517 489 1563 ut
498 1512 609 1564 molesti
623 1513 809 1579 potiusquam
825 1511 943 1563 officiosi
954 1526 1015 1562 croc
1024 1511 1116 1562 videa·

317 1602 390 1637 mur:
414 1587 511 1638 nedum
526 1585 622 1640 inlice
640 1587 804 1654 provinciali
820 1586 982 1647 solitudine,
1001 1586 1051 1637 ubi
1064 1584 1115 1635 niri

318 1663 401 1712 etiam
411 1661 625 1730 intemperanter
634 1663 782 1728 studemus,
793 1668 821 1715 et
829 1662 888 1712 aine
897 1660 1011 1723 solatio,
1023 1665 1051 1710 et
1060 1661 1116 1710 sine

318 1739 496 1791 excusatione
518 1740 687 1791 recessimus.
720 1738 820 1806 Accipe
839 1752 904 1805 ergo
919 1737 1071 1798 rationem3
1089 1736 1115 1785 in

319 1830 373 1880 qua
383 1812 437 1865 hoc
446 1815 594 1866 maximum
605 1819 633 1864 et
643 1813 759 1879 primum
774 1818 829 1877 est,
849 1813 923 1879 quod
939 1812 1061 1861 civitatis
1072 1825 1114 1860 au·

318 1904 371 1952 res,
383 1890 482 1954 qulbus
493 1904 674 1950 assueveram,
686 1903 798 1954 quaero,
809 1894 837 1939 et
845 1887 940 1938 videor
949 1883 1017 1936 mihi
1027 1887 1058 1936 in
1069 1885 1114 1935 ali·

319 1978 370 2015 eno
385 1964 447 2015 foro
463 1964 581 2032 litigare.
611 1962 641 2013 Si
656 1963 723 2022 ouid
739 1969 780 2014 est
793 1964 864 2013 enim
878 1962 907 2012 in
923 1960 1025 2011 libellis
1040 1962 1115 2020 meis,

319 2037 394 2105 quod
404 2038 521 2104 placeat,
528 2039 643 2090 dictavit
653 2038 772 2090 auditor.
790 2036 868 2088 lllam
877 2037 1045 2087 iudiciorum
1057 2036 1113 2086 sul)-

318 2113 462 2176 tilitatcm,
481 2114 550 2165 illud
560 2114 737 2164 materiarum
752 2114 904 2179 ingenium,
922 2108 1116 2171 bibliothecas,

317 2185 435 2251 theatra,
449 2195 605 2251 conventus,
620 2190 649 2239 in
661 2189 758 2254 quibus
769 2188 878 2239 studere
888 2202 918 2238 se
928 2186 1116 2251 voluptatibus

319 2278 374 2313 non
385 2264 516 2314 sentiunt:
537 2265 572 2314 ad
582 2279 715 2314 summam
727 2264 845 2315 omnium
857 2277 903 2324 ea,
924 2276 994 2327 quac
1005 2259 1115 2311 delicati

318 2337 492 2403 reliquimus,
507 2340 586 2404 quasi
598 2339 722 2391 destituti
732 2338 928 2389 decideramus.
951 2335 1068 2386 Accedit
1077 2333 1117 2385 hir
1158 2389 1160 2394 ,

319 2413 525 2479 mimicipalium
540 2414 637 2481 rubigo
654 2414 789 2477 dentium,
809 2418 836 2463 et
849 2411 945 2464 iudicii
961 2410 1026 2462 loco
1037 2411 1115 2471 livor,

320 2492 348 2536 et
360 2503 430 2537 unus
447 2495 493 2538 aut
509 2488 578 2539 alter
594 2489 673 2550 mali,
687 2489 717 2539 in
726 2488 828 2555 pusillo
839 2488 902 2539 loco
914 2485 1005 2548 multi,
1022 2486 1116 2537 advor-

319 2578 366 2612 ruo
377 2577 446 2627 quos
461 2563 572 2614 difficile
588 2561 745 2614 esthabere
761 2564 885 2630 quotidie
900 2563 999 2613 bonurn
1015 2566 1115 2612 stoma·

321 2634 409 2687 chum.
420 2635 461 2688 Ne
470 2639 577 2689 mireris
587 2639 671 2704 igitur
681 2637 789 2690 abiecta
799 2639 833 2689 ab
842 2638 1009 2705 indignante,
1020 2650 1094 2702 quoe

320 2712 453 2779 gestiente
464 2714 523 2764 ficri
533 2712 668 2764 solebant.
696 2712 737 2764 Ne
748 2714 813 2780 quid
823 2720 914 2765 tamen
924 2717 952 2764 et
961 2710 1120 2765 advenienti

320 2787 372 2837 tibi
383 2787 417 2837 ob
428 2790 502 2851 urbo,
514 2796 541 2839 et
549 2788 670 2855 exigenti
678 2804 815 2856 negarem,
826 2790 882 2854 (oui
891 2803 946 2840 non
956 2785 1047 2837 refero
1058 2803 1120 2855 gra.
