2750 3450
443 380 762 429 EPlGRdMMATUM
783 381 851 427 lilla
868 381 902 431 X.
1021 382 1070 431 259

548 503 584 543 39.
606 498 637 543 ln
655 499 792 543 Lesbiam.

276 567 397 621 Consule
405 573 433 622 te
441 567 527 620 Bruto
540 569 605 637 quid
616 570 702 632 iuras,
711 567 823 632 Lesbia,
832 567 941 621 natanti

312 643 453 695 Mentiris:
467 649 533 694 nata
545 660 583 706 es,
593 642 705 706 Lesbia,
714 658 778 711 rege
790 642 889 695 Numa.

276 717 323 771 Sic
332 732 440 785 quoque
450 719 581 769 mentiris.
605 717 1069 784 Namquemttuaseuulanarrant,

313 793 378 845 licta
386 790 550 849 Prometheo
562 793 661 846 diaetis
675 808 736 844 esse
745 793 814 845 luto.

473 900 514 938 40.
539 895 580 938 td
597 897 702 951 Lupum
723 898 754 939 do
773 895 865 939 Polla.

406 971 518 1040 Semper
526 988 588 1022 cum
598 971 667 1023 mihi
677 973 813 1024 diceretur
822 988 882 1024 esse

405 1053 510 1100 secreto
523 1062 587 1098 mea
600 1046 682 1099 Polla
693 1064 752 1099 cum
763 1047 892 1099 cinaedo:

405 1123 502 1189 irrupi,
516 1121 606 1189 Lupe:
620 1138 677 1174 non
687 1128 746 1174 erat
755 1123 893 1174 cinaedus.

525 1231 559 1270 41.
584 1226 616 1269 In
634 1227 820 1270 Proculeium

275 1303 371 1355 Mense
379 1319 452 1356 novo
462 1303 523 1355 lani
531 1309 659 1367 veterem,
670 1303 824 1366 Proculeia,
834 1305 961 1355 maritum

315 1379 427 1442 deseris,
439 1385 519 1447 atque
528 1379 606 1430 iubes
616 1394 660 1430 res
671 1379 725 1430 sibi
734 1376 834 1429 habere
844 1395 917 1430 suas.
933 1378 938 1385 '

277 1452 686 1521 Qrdd‚rog0,quidfaatumestt
700 1453 784 1504 subiti
790 1468 859 1521 quae
865 1452 1070 1504 cauendolons'l

314 1527 360 1579 Nil
371 1527 437 1578 mihi
447 1527 612 1595 respondeat
626 1529 724 1580 Dicam
736 1543 797 1596 ego,
808 1533 919 1594 praetor
929 1533 996 1578 erat.

276 1603 442 1654 Constatura
450 1602 504 1654 fnit
514 1603 680 1671 Megalensis
691 1618 812 1669 purpura
822 1609 928 1654 oennun

313 1678 443 1741 millibus,
454 1683 485 1729 ut
493 1679 605 1730 nimium
619 1693 732 1730 munera
741 1693 826 1744 parca
836 1679 927 1729 dares:

274 1759 304 1805 et
313 1754 446 1820 populare
456 1770 563 1806 sacrum
574 1755 617 1806 bis
626 1754 716 1804 millia
726 1753 797 1804 dana
805 1753 922 1804 tulisset.

313 1827 468 1880 Discidium
477 1844 533 1882 nou
544 1834 586 1881 est
595 1827 658 1891 hoc,
667 1827 826 1880 Proculeio:
842 1827 945 1879 luorum
957 1834 1007 1877 est.

524 1938 558 1976 42.
584 1933 623 1975 Ad
643 1933 817 1985 Dindymon.

275 2010 345 2060 Tam
356 2009 440 2060 dubia
450 2015 492 2061 est
500 2010 601 2077 lanugo
611 2009 672 2078 tibi,
682 2014 740 2060 tarn
751 2008 852 2071 mollis,
861 2014 893 2060 ut
901 2007 978 2059 illam

312 2082 413 2135 halitus
423 2090 451 2135 et
460 2084 533 2137 soles
542 2091 570 2136 et
579 2086 648 2137 levis
659 2100 728 2136 eura
739 2089 819 2135 terat

275 2159 405 2210 Celantur
414 2160 498 2210 simili
508 2166 622 2212 ventura
632 2160 760 2228 Cydonia
769 2160 843 2222 lana,

312 2234 412 2300 pollice
421 2235 544 2301 virgineo
556 2249 626 2302 quae
634 2236 757 2302 spoliata
766 2235 862 2285 nitent.

273 2308 386 2360 Fortius
395 2310 522 2376 impressi
532 2312 639 2377 quoties
649 2312 702 2361 tini
710 2310 791 2361 basia
802 2310 929 2376 quinque,

312 2384 442 2436 barbatus
452 2385 547 2448 labris,
557 2385 705 2451 Dindyrne,
715 2385 752 2435 lio
761 2385 827 2435 tuis.

511 2493 546 2531 43.
570 2490 609 2531 Ad
627 2488 815 2532 Philerotem.

274 2563 400 2630 Septima
408 2565 473 2627 iarn,
484 2563 618 2629 Phileros,
629 2565 682 2617 tibi
693 2566 819 2617 conditur
827 2566 936 2616 uxorin
946 2580 1021 2634 agra.

312 2637 377 2691 Plus
387 2639 464 2703 nulli,
474 2638 610 2704 Phileros,
621 2656 702 2708 quarn
713 2641 774 2704 tibi,
784 2640 876 2691 reddit
886 2654 959 2707 ager.

521 2749 556 2788 44.
581 2746 620 2788 dd
640 2748 666 2797 Q.
687 2745 822 2790 Ovidium.

273 2822 392 2885 Quincte
404 2818 569 2875 Caledonios
581 2821 663 2876 Ovidi
673 2824 764 2875 visure
773 2821 932 2883 Britannos,

313 2902 341 2948 et
351 2897 464 2948 viridem
475 2897 593 2966 Tethyn,
606 2898 798 2967 Oceanumque
807 2903 927 2965 patrem:

827 2993 882 3038 w).
