2750 3450
435 406 756 454 Errounmmarum
783 406 851 453 ΜΒ.
873 406 919 454 xl.
1024 405 1074 456 2⁷9

281 531 408 583 Ciamant
417 547 479 582 eece
489 530 551 592 mei,
562 528 591 581 io
602 527 768 592 Saturnalia,
778 545 884 580 versus:

318 613 346 658 et
355 607 428 668 lieet,
443 612 470 656 et
484 605 533 654 sub
542 609 569 655 te
579 603 714 669 praeside,
725 603 823 666 Nerva,
834 604 910 654 libet.

284 681 413 733 Lectores
423 680 522 742 tetrici,
533 678 703 729 salebrosum
716 679 830 729 ediscite
841 677 996 731 Sanetrams

319 757 356 807 nil
367 754 435 806 mihi
445 754 585 805 vobiscum
596 758 650 804 csta
667 753 720 803 iate
732 753 801 803 liber
810 768 885 804 meus
895 758 944 804 est.

522 861 544 899 3.
567 857 607 899 De
627 857 686 899 suis
705 855 826 900 libellis.

282 953 308 1006 N
310 969 345 1004 on
355 953 460 1004 urbana
468 967 530 1003 mea
538 956 643 1003 tantum
653 950 805 1016 Pimpleide
814 952 934 1017 gaudeat

320 1029 387 1090 otia,
397 1042 447 1078 neo
458 1028 551 1079 vacuis
564 1027 674 1077 auribus
684 1027 740 1076 ista
749 1026 858 1077 damus:

282 1104 330 1155 sed
340 1118 414 1154 meus
424 1103 452 1152 in
464 1101 568 1152 Getieis
580 1101 614 1152 ad
625 1100 727 1151 Martia
737 1101 815 1167 signa
824 1102 930 1167 pruinis

320 1177 435 1244 arigido
444 1178 541 1226 teritur
550 1176 708 1226 centurione
718 1175 800 1225 iiber:

282 1252 383 1303 dicitur
398 1257 425 1301 et
438 1255 548 1301 nostros
560 1256 670 1300 eantare
680 1249 824 1300 Britannia
834 1265 937 1302 versus.

322 1326 393 1387 arud
404 1323 532 1391 prodenti
551 1324 646 1375 Nescit
655 1323 780 1375 sacculus
790 1325 845 1375 ista
854 1340 939 1378 meus.

282 1402 407 1466 mquam
419 1400 537 1450 victuras
547 1405 704 1466 poteramus
717 1414 834 1466 pangere
845 1397 963 1466 chartas,

320 1480 475 1542 quantaque
485 1474 577 1525 Pieria
586 1475 693 1540 proelia
702 1473 768 1525 flare
778 1475 854 1538 tuba,

283 1566 343 1602 cum
354 1549 401 1616 pia
410 1549 579 1600 reddiderint
588 1549 737 1616 Augustum
747 1550 859 1599 numina
868 1551 958 1615 terris,

321 1629 349 1676 et
358 1623 543 1675 Maecenatem
553 1623 577 1674 si
588 1621 655 1674 mihi
664 1621 754 1674 Roma
764 1621 853 1677 dareti

374 1734 395 1773 4.
420 1731 559 1780 Precatur
579 1730 646 1770 deos
664 1742 715 1784 pro
733 1726 827 1771 Nerva
846 1728 980 1772 Traiano.

282 1823 369 1875 Sacra
378 1822 517 1889 Laresque
527 1817 684 1889 Phrygum,''
691 1839 761 1889 quos
770 1824 873 1876 Troiae
882 1823 979 1875 maluit
988 1822 1076 1887 heres,

320 1913 400 1964 quarn
410 1913 505 1964 rapere
516 1912 625 1950 arsuras
635 1898 834 1950 Laomedontis
848 1914 927 1965 opes:

283 1973 399 2038 scriptus
410 1978 437 2022 et
446 1977 555 2042 aeterno
566 1988 637 2028 nunc
648 1973 878 2039 primum-iupiter
888 1988 965 2036 auro,

319 2052 346 2097 et
356 2062 436 2097 soror
448 2047 580 2104 et‘summi
590 2047 650 2102 filia
659 2054 721 2099 tota
730 2048 830 2114 patris:
874 2094 878 2101 .

282 2126 310 2173 et
322 2122 368 2187 qui
379 2122 521 2187 purpureis
530 2122 586 2172 iam
597 2123 680 2179 tertia
689 2123 802 2175 nentina
811 2121 900 2186 fastis,

318 2195 392 2259 lane,
402 2195 486 2246 refers
496 2194 615 2259 Nervae3
629 2214 679 2249 vos
689 2213 786 2263 precor
795 2212 842 2249 ore
851 2198 913 2264 pios

282 2269 354 2321 hunc
364 2285 457 2321 omnes
468 2276 574 2322 servate
584 2272 687 2335 ducem,
700 2278 806 2323 servate
816 2279 951 2324 senatum:

319 2345 441 2397 moribus
452 2343 498 2396 hic
507 2346 582 2396 vivat
591 2347 732 2413 principis,
742 2347 790 2398 ille
800 2348 866 2398 sais.

437 2454 457 2493 5.
481 2449 514 2492 ln
532 2448 642 2492 laudem
661 2448 772 2493 Nervae
792 2451 920 2495 Traiani.

283 2542 374 2593 Tanta
382 2542 434 2594 tibi
444 2550 487 2595 est
495 2544 562 2595 recti
572 2546 733 2607 reverentia,
749 2543 860 2607 Caesar,
870 2549 898 2594 et
907 2544 997 2610 aequi,

321 2623 424 2683 quanta
432 2616 537 2671 Numae
547 2617 650 2670 iuerat:
665 2620 715 2670 sed
725 2618 814 2669 Numa
823 2633 927 2684 pauper
938 2624 1006 2669 erat.

282 2691 374 2743 Ardua
384 2707 428 2743 res
437 2690 506 2744 haec
515 2698 564 2756 est,
577 2693 674 2760 opibus
682 2709 739 2745 noa
748 2692 862 2748 tradere
870 2708 970 2756 mores,

320 2771 349 2818 et
358 2781 418 2819 eum
427 2771 471 2820 tot
480 2767 598 2819 Croesos
607 2768 715 2832 viceris,
725 2784 785 2819 esse
795 2766 920 2819 Numam.

283 2837 315 2893 Si
323 2841 437 2893 redeant
447 2848 560 2905 veteres,
570 2844 693 2911 ingentia
702 2843 823 2903 nomina,
832 2848 934 2910 patres,

318 2915 445 2986 Elysium
454 2916 540 2970 liceat
548 2918 573 2970 si
581 2933 697 2972 samara
707 2934 820 2974 nemius
