2750 3450
446 344 768 395 wicrammum
790 345 863 439 Llli.
886 353 937 395 ru.
1040 348 1091 398 w

293 471 400 525 Pedere
409 470 568 522 tcmallem:
583 484 703 536 namquo
710 466 765 521 lroc
773 484 824 521 aec
832 470 930 521 inutile
939 470 1010 523 (licio

334 543 521 612 Symmachus,
537 549 564 595 et
574 545 659 595 risam
668 560 715 595 rer
724 550 816 595 movet
824 540 880 596 iola
889 545 978 596 ainrnl.

295 621 366 683 Quis
377 621 466 671 ridere
477 624 569 686 potest
577 617 650 669 fatui
658 624 844 686 poppysmata
853 618 950 671 mannil

333 695 400 747 Cum
411 699 493 746 sonat
502 692 555 757 hic,
568 694 612 744 cui
621 709 677 744 non
685 694 807 744 mentula
816 709 946 761 mensque
955 694 1044 747 cnoro

294 771 350 822 Dic
360 769 466 836 aliquid
475 769 582 832 saltem,
593 769 770 835 clamosoque
782 769 908 836 obstrepe
920 786 1021 822 cunno:

334 851 362 896 et
371 846 396 896 ci
405 845 475 896 adeo
485 849 561 894 mma
571 859 614 907 ec,
629 844 705 895 ‹lirce
716 843 759 895 vel
767 844 832 895 inde
841 844 934 913 loqui.¹

495 959 528 999 li.
553 956 591 998 lie
611 956 771 1008 fragmento
791 957 891 1008 aigun.

294 1033 498 1102 Fragmentum,
509 1031 580 1100 quod
585 1033 639 1084 vile
652 1037 734 1099 putas
744 1038 773 1084 ct
781 1032 879 1084 inutile
887 1032 1001 1100 lignem,

332 1107 402 1160 haee
411 1108 464 1159 fnit
472 1108 562 1175 ignoti
571 1109 660 1174 prima
670 1109 765 1159 carina
775 1107 868 1170 marlr,

295 1199 376 1251 quam
388 1200 439 1235 nec
453 1183 579 1249 Cyaneae
590 1183 727 1249 qnondam
741 1188 854 1249 potuero
868 1183 964 1234 ruinae

331 1258 467 1326 frangere,
478 1273 529 1309 nec
538 1256 662 1324 Scythici
671 1258 780 1308 tristior
789 1259 833 1308 ira
841 1255 916 1308 incli-

294 1331 394 1385 Seenla
403 1335 540 1385 vicerunt:
554 1333 602 1384 ned
612 1333 738 1399 quamvis
748 1331 865 1384 cernerit
874 1333 964 1396 onmr,

331 1409 456 1460 sanctior
465 1413 507 1459 eat
516 1408 595 1459 salva
603 1423 691 1482 parya
698 1407 803 1458 tabella
812 1412 884 1458 roto.

563 1516 599 1554 20.
624 1512 654 1554 ln
674 1510 830 1555 Sanctum.

348 1587 426 1641 Nihil
436 1595 478 1639 est
486 1590 622 1652 miserius,
632 1604 682 1640 nec
693 1590 817 1656 gulosius
828 1588 953 1641 Sanctra.

348 1661 462 1715 Rectam
474 1670 589 1716 vocatur
604 1679 665 1714 cnm
675 1665 796 1714 cucurrit
810 1665 847 1715 acl
858 1679 980 1729 coenam,

350 1753 432 1806 quam
446 1744 489 1791 tot
503 1740 601 1791 diebos
612 1740 795 1806 noctibusque
807 1740 941 1806 captavi&

347 1818 392 1865 ter
401 1816 492 1880 poscit
502 1816 562 1881 apri
571 1815 730 1881 glandulae,
746 1814 981 1881 qualerlnmbun,

348 1894 377 1939 et
385 1895 528 1956 utramque
539 1904 638 1940 coxam
646 1890 760 1956 leporis,
770 1894 798 1940 ct
807 1890 879 1940 dnos
887 1904 992 1941 armore

347 1978 399 2014 nec
408 1965 544 2016 erubescit
558 1966 682 2031 peierare
694 1964 830 2027 detrudo,

348 2043 376 2089 et
387 2043 539 2090 ostreorum
551 2054 648 2112 rapere
657 2039 759 2090 lividos
770 2040 866 2090 cirros.

347 2112 448 2165 Buccis
458 2114 601 2181 placentae
611 2114 753 2165 sordidam
767 2113 831 2164 linit
841 2129 978 2181 mappam.

347 2187 410 2238 lllic
420 2193 447 2239 ct
457 2204 526 2239 uvae
537 2188 709 2240 collocantur
719 2188 829 2252 ollares,

349 2267 376 2313 et
385 2262 550 2314 Punicorum
560 2279 649 2330 panea
658 2279 746 2332 grana
755 2263 901 2327 malorum,

348 2342 377 2388 et
386 2343 535 2390 excavatae
549 2339 629 2405 pellic
639 2339 768 2390 indecens
778 2338 888 2403 vulvae,

348 2417 376 2463 et
386 2412 463 2479 lippa
473 2411 553 2476 ficus,
567 2412 720 2479 debilisque
729 2413 847 2464 boletus.

329 2508 335 2517 ·
348 2485 402 2538 Sed
412 2503 513 2555 mappa
524 2504 583 2539 cnm
593 2488 648 2538 iam
658 2487 735 2538 mille
745 2488 879 2554 rumpitur
888 2485 978 2550 fortia,

346 2577 428 2614 rosor
438 2564 541 2630 tepenti
551 2562 703 2629 spondylos
714 2561 776 2613 sinn
786 2562 891 2624 condit,

347 2642 376 2688 et
386 2637 518 2689 devorato
533 2638 622 2703 capite
636 2642 767 2688 turtrncm
778 2642 911 2687 tnmcum.

348 2711 486 2779 Colligere
496 2712 563 2763 lone
545 2717 669 2779 gatnrpe
679 2725 729 2761 nec
742 2717 821 2777 putat
831 2711 927 2762 (lextra

330 2786 482 2850 andeolo,
494 2787 626 2855 pnldqnicl
637 2792 665 2838 et
674 2801 757 2839 canes
765 2786 948 2855 reliqnerme

336 2860 399 2912 Nee
407 2861 549 2915 esculento
559 2866 668 2920 suffieit
679 2864 766 2939 galae
774 2864 905 2939 ptaooar
