2750 3450
312 372 361 421 tot
599 372 813 423 ninnrrnnrs

402 502 511 546 nostrae
521 497 632 546 nomina
642 496 754 547 duriora
763 501 856 548 terrac

401 576 480 636 grato
492 586 546 620 uon
557 570 657 636 pudeat
666 571 765 622 referre
776 585 874 623 versu:

402 658 485 694 saevo
495 644 610 694 Bilbilin
621 646 750 711 optimam
761 647 889 711 metallo,

403 732 472 783 quae
482 719 566 770 vincit
576 717 775 785 Chalybasque,
788 718 986 790 Noricosque,

403 796 430 842 et
439 791 511 843 ferro
522 793 643 844 Plateam
654 810 704 844 suo
715 799 868 857 sonantem,

404 881 484 933 quam
493 866 576 918 fluctu
586 868 669 930 tenui,
679 868 727 918 sed
737 868 861 933 inquieto

403 955 538 992 umorum
549 941 614 993 Salo
623 947 789 1008 temperator
798 941 900 991 ambit:

402 1016 576 1081 tutelamque,
587 1014 738 1082 chorosque
748 1014 940 1082 Rixamarum,

403 1094 430 1139 et
442 1091 567 1141 convivia
576 1089 647 1140 festa
657 1089 833 1150 Carduarum,

404 1169 431 1212 et
439 1165 521 1214 textis
531 1163 648 1216 Petcron
657 1164 730 1215 rosis
738 1163 889 1227 rubentem,

404 1242 484 1303 atque
494 1237 607 1304 antiqua
617 1244 724 1305 patrum
734 1236 842 1289 theatra
852 1236 954 1306 Rigas,

403 1316 430 1360 et
439 1318 528 1362 certos
537 1312 628 1363 iaculo
639 1313 694 1364 levi
705 1311 804 1373 Silaos,

402 1387 585 1451 turgentiaque
595 1386 680 1449 lacus,
691 1386 880 1451 Petusiaequc,

404 1465 431 1508 et
440 1474 539 1524 parvae
550 1460 621 1511 vada
630 1476 700 1528 pura
709 1459 883 1523 Vetouissae,

403 1538 430 1583 et
439 1545 561 1584 sanctum
570 1533 725 1586 Buradonis
734 1534 863 1597 ilicetum,

402 1622 451 1674 per
461 1608 533 1673 quod
543 1609 586 1659 vel
596 1609 673 1676 piger
682 1607 803 1660 ambulat
813 1607 919 1672 riat0r3

315 1736 321 1751 ,
403 1687 509 1749 atquae
520 1681 636 1736 fortibus
646 1683 748 1735 excolit
756 1681 877 1733 iuvencis

404 1773 500 1809 curvae
509 1758 629 1810 Manlius
640 1774 706 1809 arva
714 1757 889 1808 Matinessae.

403 1832 481 1884 Haec
490 1838 545 1883 tam
555 1834 665 1895 rustica,
677 1833 791 1883 delicate
801 1831 898 1894 lector,

403 1907 477 1959 rides
488 1906 614 1961 nomiuai
632 1906 734 1958 Rideas
743 1906 844 1957 licebit.

403 1981 481 2032 Haec
490 1987 546 2032 tam
556 1982 659 2032 mistica
668 1981 751 2043 maio,
764 1996 845 2047 qnam
854 1979 996 2035 Bituntos.

547 2065 581 2110 ὅθ’.
606 2068 637 2109 ln
657 2066 858 2119 Gargilianum.

314 2127 427 2180 Munera
437 2128 510 2193 quod
520 2127 628 2178 senibus
638 2128 782 2193 viduisque
791 2128 914 2193 ingentia
923 2131 1024 2196 mittis,

349 2203 391 2270 nis
400 2207 426 2252 te
436 2201 599 2264 munificum,
611 2200 778 2269 Gargiliaue,
789 2200 901 2252 voccmi

314 2274 458 2327 Sordidius
467 2274 535 2325 nihil
545 2281 594 2339 est,
604 2274 673 2327 nihil
682 2282 725 2328 est
733 2283 761 2327 te
770 2275 892 2342 spurcius
908 2292 975 2341 uno,

350 2350 397 2415 qui
406 2357 484 2416 potes
493 2350 609 2403 insidias
619 2352 692 2403 dona
700 2365 799 2402 vocare
811 2357 882 2401 tuas.

313 2422 360 2475 Sic
369 2425 457 2475 avidis
467 2422 552 2476 fallax
561 2426 684 2493 indulget
697 2425 815 2491 piscibus
829 2421 939 2476 hamust

351 2499 452 2550 callida
461 2500 502 2551 sic
511 2500 608 2551 stultas
619 2501 720 2565 decipit
729 2514 792 2549 esca
801 2498 881 2549 foras.

316 2574 386 2637 Quid
397 2574 433 2624 sit
441 2574 545 2641 largiri,
557 2574 622 2640 qnid
632 2574 668 2624 sit
678 2574 789 2635 donare,
799 2572 914 2635 docebo,

349 2649 374 2699 si
383 2649 485 2699 nescis=
501 2647 582 2709 dona,
593 2645 761 2714 Gargilium,
771 2645 845 2697 mibi.

562 2736 596 2776 b'l.
619 2733 658 2776 Ad
678 2734 848 2776 Faustinum.

303 2796 377 2845 Dum
387 2810 440 2845 nos
451 2792 554 2847 blanda
564 2795 772 2847 teneutlascini
779 2792 1021 2857 stagnalmcrlnis

331 2879 361 2921 et
369 2887 445 2940 qnae
452 2872 601 2941 pumiceis
610 2870 746 2925 fontibus
757 2874 843 2919 antra
851 2864 959 2912 calenti

557 3119 611 3178 Ἀ
