2750 3450
293 370 295 375 v
365 386 369 391 .
428 345 747 392 EPIGRAMMATUM
771 347 840 392 LIB.
864 346 909 396 111.
1028 341 1061 394 65

458 468 479 506 3.
501 464 533 507 In
551 464 695 508 mulierem
717 466 876 508 deformem.

270 560 432 611 Formosam
444 558 543 610 faciem
553 560 631 626 nigro
642 559 775 610 velamine
786 558 872 609 celas:

312 634 361 685 sed
371 649 426 683 non
436 632 558 684 formoso
570 649 684 699 corpore
696 633 782 683 laedis
793 648 887 699 aquas.

272 709 365 775 Ipsam
376 708 454 760 crede
466 709 544 758 deam
554 708 644 758 verbis
654 708 704 757 tihi
716 708 805 759 dicere
816 707 929 757 nostris:

310 788 358 833 aut
368 785 444 848 aperi
453 782 560 846 faeiem,
570 783 614 833 vel
623 783 746 833 tunicata
755 781 826 832 lava.

513 917 533 955 4.
558 912 598 955 Au
616 911 718 955 librum
737 925 818 954 tuum.

273 1007 388 1058 Romam
399 1006 564 1069 undelibet.
586 1004 624 1069 Si,
635 1006 741 1056 veneris
750 1005 830 1067 unde,
843 1005 975 1070 requiret:

310 1082 442 1132 Aemiliae
452 1082 526 1132 dices
538 1081 571 1130 de
581 1081 692 1147 regione
703 1081 772 1131 viae.

275 1155 315 1219 Si,
327 1157 424 1223 quibus
434 1157 463 1206 in
473 1155 560 1217 terris,
573 1170 626 1220 qua
636 1156 720 1204 simus
730 1155 758 1204 in
768 1154 843 1217 urbe,
854 1153 977 1220 rogabit:
1065 1208 1069 1215 ,

311 1228 657 1282 Cornelireierasmelicet
683 1227 807 1279 sseforo.

276 1305 330 1356 Cur
341 1303 437 1366 absim,
448 1308 570 1370 quaeret
591 1244 708 1353 breviffer
717 1309 756 1365 tu,
767 1301 860 1364 multa,
870 1301 964 1364 fatere,

311 1394 366 1430 non
376 1384 483 1445 poterat
493 1392 578 1427 vanae
587 1378 680 1428 taedia
689 1377 759 1428 serre
768 1383 859 1444 togae.

276 1452 315 1516 Si,
325 1453 433 1520 quando
445 1451 551 1503 venietl
569 1452 653 1502 dicet:
673 1452 816 1517 responde,
831 1457 914 1518 poeta

314 1528 431 1590 exierat3
441 1527 539 1589 veniet,
547 1542 605 1577 eum
617 1524 791 1577 citharoedus
801 1526 861 1576 en‘t.

558 1652 576 1690 5.
601 1647 642 1703 nn
660 1647 783 1690 eundem.

274 1742 325 1795 Vis
336 1743 519 1794 commendari
530 1744 588 1793 sine
598 1758 641 1793 me
652 1758 777 1793 cursuum
786 1742 816 1792 in
825 1742 928 1801 urbem,

312 1833 396 1884 parve
405 1817 484 1880 liber,
494 1817 598 1878 multis,
621 1832 655 1867 an
666 1817 735 1867 satis
745 1832 814 1867 unus
825 1814 892 1867 erili

274 1893 349 1944 Unus
360 1893 420 1955 erit,
430 1890 496 1942 mihi
508 1892 595 1955 crede,
606 1892 683 1954 satis,
699 1891 742 1941 cui
753 1892 872 1942 noueris
883 1888 991 1957 hospes,

312 1967 407 2030 lulius,
420 1966 558 2017 assiduum
568 1982 666 2017 nomen
675 1966 704 2015 in
716 1981 762 2015 ore
773 1982 842 2018 meo.

228 2067 231 2074 ·
275 2041 404 2093 Protinus
414 2039 485 2092 hune
495 2042 597 2106 primae
612 2055 726 2107 quaeres
735 2040 764 2091 in
774 2041 867 2092 limine
878 2041 992 2104 Tectae;

312 2131 382 2183 quos
391 2116 479 2166 tenuit
488 2113 621 2182 Daphnis,
632 2131 703 2166 nune
712 2121 787 2166 tenet
796 2117 851 2179 ille,
863 2114 957 2167 Lares.

275 2190 325 2242 Est
334 2190 378 2241 illi
390 2190 497 2254 coniux,
509 2205 577 2257 quae
586 2196 614 2241 te
624 2191 802 2257 manibusque
812 2192 925 2257 sinuque

313 2266 439 2331 excipiet,
449 2264 492 2316 vel
503 2265 526 2315 si
536 2264 737 2332 pulverulentus
751 2281 806 2316 eas.

277 2341 336 2391 llos
347 2346 376 2390 tu
387 2355 435 2392 seu
445 2341 555 2406 pariter,
566 2341 622 2392 sive
633 2339 704 2392 hanc
712 2340 823 2393 illumve
836 2341 955 2407 priorem

311 2415 423 2477 videris,
434 2412 487 2465 hoo
499 2414 586 2465 dices:
600 2414 710 2466 Marone
722 2430 800 2465 avere
810 2415 893 2465 iubet.

274 2490 339 2540 lloo
349 2490 417 2540 satis
428 2495 478 2540 est.
505 2490 582 2541 Alios
594 2490 765 2540 commendat
775 2489 905 2555 epistola:
922 2492 1025 2554 peceat,

314 2565 361 2631 qni
372 2564 612 2615 commendandum
624 2580 652 2614 se
662 2570 741 2630 putat
751 2579 809 2615 esse
821 2565 886 2613 suis.

309 2705 335 2760 0
518 2689 537 2730 6.
561 2685 601 2727 Ad
620 2681 823 2727 Mareellinam.

277 2778 339 2830 Lux
350 2780 401 2830 tibi
410 2773 548 2845 poeticine
555 2784 715 2832 numeratur
724 2781 812 2834 tertia
818 2780 929 2845 Malas,

302 2852 469 2915 Marcelline,
482 2856 537 2905 nris
549 2855 593 2909 bis
604 2857 782 2915 celebranda
793 2861 903 2916 saeris.

317 2939 428 2988 Mater.
864 2957 898 3006 E,

1051 2807 1123 3034 l
