<?xml version="1.0" encoding="UTF-8"?>
<!DOCTYPE html PUBLIC "-//W3C//DTD XHTML 1.0 Transitional//EN"
    "http://www.w3.org/TR/xhtml1/DTD/xhtml1-transitional.dtd">
<html xmlns="http://www.w3.org/1999/xhtml" xml:lang="en" lang="en">
 <head>
  <title>
</title>
<meta http-equiv="Content-Type" content="text/html;charset=utf-8" />
  <meta name='ocr-system' content='tesseract 3.04.00' />
  <meta name='ocr-capabilities' content='ocr_page ocr_carea ocr_par ocr_line ocrx_word'/>
</head>
<body>
  <div class='ocr_page' id='page_1' title='image "./mvaleriimartial03martgoog_0069.png"; bbox 0 0 2750 3450; ppageno 0'>
   <div class='ocr_carea' id='block_1_1' title="bbox 613 389 824 435">
    <p class='ocr_par' dir='ltr' id='par_1_1' title="bbox 613 389 824 435">
     <span class='ocr_line' id='line_1_1' title="bbox 613 389 824 435; baseline 0.005 -1"><span class='ocrx_word' id='word_1_1' title='bbox 613 389 824 435; x_wconf 66' lang='lat' dir='ltr'><strong>minuistis</strong></span> 
     </span>
    </p>
   </div>
   <div class='ocr_carea' id='block_1_2' title="bbox 590 507 849 551">
    <p class='ocr_par' dir='ltr' id='par_1_2' title="bbox 590 507 849 551">
     <span class='ocr_line' id='line_1_2' title="bbox 590 507 849 551; baseline 0.004 -2"><span class='ocrx_word' id='word_1_2' title='bbox 590 509 625 550; x_wconf 77' lang='grc'><strong>14.</strong></span> <span class='ocrx_word' id='word_1_3' title='bbox 649 507 681 550; x_wconf 86' lang='lat' dir='ltr'><strong>ln</strong></span> <span class='ocrx_word' id='word_1_4' title='bbox 699 507 849 551; x_wconf 74' lang='lat' dir='ltr'>Saufeium.</span> 
     </span>
    </p>
   </div>
   <div class='ocr_carea' id='block_1_3' title="bbox 416 590 1030 1104">
    <p class='ocr_par' dir='ltr' id='par_1_3' title="bbox 417 590 1004 734">
     <span class='ocr_line' id='line_1_3' title="bbox 418 590 1004 659; baseline 0.01 -19"><span class='ocrx_word' id='word_1_5' title='bbox 418 590 540 641; x_wconf 79' lang='lat' dir='ltr'><strong>Cinctum</strong></span> <span class='ocrx_word' id='word_1_6' title='bbox 550 594 652 659; x_wconf 80' lang='lat' dir='ltr'><strong>togatis</strong></span> <span class='ocrx_word' id='word_1_7' title='bbox 663 600 763 659; x_wconf 84' lang='lat' dir='ltr'><strong>postet</strong></span> <span class='ocrx_word' id='word_1_8' title='bbox 773 600 835 644; x_wconf 85' lang='lat' dir='ltr'><strong>ante</strong></span> <span class='ocrx_word' id='word_1_9' title='bbox 846 592 1004 659; x_wconf 74' lang='lat' dir='ltr'>Saufeium,</span> 
     </span>
     <span class='ocr_line' id='line_1_4' title="bbox 417 666 934 734; baseline 0.006 -19"><span class='ocrx_word' id='word_1_10' title='bbox 417 674 519 732; x_wconf 76' lang='lat' dir='ltr'><strong>quatita</strong></span> <span class='ocrx_word' id='word_1_11' title='bbox 529 667 623 718; x_wconf 84' lang='lat' dir='ltr'><strong>reduci</strong></span> <span class='ocrx_word' id='word_1_12' title='bbox 632 666 751 734; x_wconf 82' lang='lat' dir='ltr'>Regulus</span> <span class='ocrx_word' id='word_1_13' title='bbox 761 669 832 719; x_wconf 83' lang='lat' dir='ltr'><strong>solet</strong></span> <span class='ocrx_word' id='word_1_14' title='bbox 841 668 934 733; x_wconf 75' lang='lat' dir='ltr'><strong>mrrba,</strong></span> 
     </span>
    </p>

    <p class='ocr_par' dir='ltr' id='par_1_4' title="bbox 416 740 1030 1104">
     <span class='ocr_line' id='line_1_5' title="bbox 417 740 1007 808; baseline 0.008 -19"><span class='ocrx_word' id='word_1_15' title='bbox 417 740 453 789; x_wconf 89' lang='lat' dir='ltr'><strong>ad</strong></span> <span class='ocrx_word' id='word_1_16' title='bbox 464 740 521 791; x_wconf 86' lang='lat' dir='ltr'><strong>alta</strong></span> <span class='ocrx_word' id='word_1_17' title='bbox 530 746 637 791; x_wconf 87' lang='lat' dir='ltr'><strong>tonsum</strong></span> <span class='ocrx_word' id='word_1_18' title='bbox 647 742 750 808; x_wconf 87' lang='lat' dir='ltr'><strong>templa</strong></span> <span class='ocrx_word' id='word_1_19' title='bbox 760 758 820 793; x_wconf 89' lang='lat' dir='ltr'><strong>cum</strong></span> <span class='ocrx_word' id='word_1_20' title='bbox 830 758 905 793; x_wconf 91' lang='lat' dir='ltr'><strong>reum</strong></span> <span class='ocrx_word' id='word_1_21' title='bbox 917 744 1007 808; x_wconf 87' lang='lat' dir='ltr'><strong>misit,</strong></span> 
     </span>
     <span class='ocr_line' id='line_1_6' title="bbox 416 813 914 878; baseline 0.006 -14"><span class='ocrx_word' id='word_1_22' title='bbox 416 813 549 878; x_wconf 82' lang='lat' dir='ltr'>Materne,</span> <span class='ocrx_word' id='word_1_23' title='bbox 559 814 663 865; x_wconf 79' lang='lat' dir='ltr'><strong>cernis&#39;l</strong></span> <span class='ocrx_word' id='word_1_24' title='bbox 682 815 805 867; x_wconf 82' lang='lat' dir='ltr'><strong>Invidere</strong></span> <span class='ocrx_word' id='word_1_25' title='bbox 815 816 914 867; x_wconf 89' lang='lat' dir='ltr'><strong>nolito.</strong></span> 
     </span>
     <span class='ocr_line' id='line_1_7' title="bbox 417 887 1030 958; baseline 0.005 -18"><span class='ocrx_word' id='word_1_26' title='bbox 417 887 569 940; x_wconf 77' lang='lat' dir='ltr'><strong>Comitatus</strong></span> <span class='ocrx_word' id='word_1_27' title='bbox 578 890 630 941; x_wconf 91' lang='lat' dir='ltr'><strong>iste</strong></span> <span class='ocrx_word' id='word_1_28' title='bbox 640 891 684 951; x_wconf 87' lang='lat' dir='ltr'><strong>sit,</strong></span> <span class='ocrx_word' id='word_1_29' title='bbox 692 905 796 955; x_wconf 84' lang='lat' dir='ltr'><strong>precor,</strong></span> <span class='ocrx_word' id='word_1_30' title='bbox 806 897 868 940; x_wconf 87' lang='lat' dir='ltr'><strong>tuus</strong></span> <span class='ocrx_word' id='word_1_31' title='bbox 878 906 1030 958; x_wconf 82' lang='lat' dir='ltr'><strong>nunqnam.</strong></span> 
     </span>
     <span class='ocr_line' id='line_1_8' title="bbox 416 963 958 1031; baseline 0.004 -18"><span class='ocrx_word' id='word_1_32' title='bbox 416 963 477 1014; x_wconf 87' lang='lat' dir='ltr'><strong>llos</strong></span> <span class='ocrx_word' id='word_1_33' title='bbox 485 964 528 1014; x_wconf 92' lang='lat' dir='ltr'><strong>illi</strong></span> <span class='ocrx_word' id='word_1_34' title='bbox 539 964 643 1015; x_wconf 85' lang='lat' dir='ltr'><strong>amieos</strong></span> <span class='ocrx_word' id='word_1_35' title='bbox 655 969 682 1014; x_wconf 90' lang='lat' dir='ltr'><strong>et</strong></span> <span class='ocrx_word' id='word_1_36' title='bbox 691 978 786 1031; x_wconf 79' lang='lat' dir='ltr'><strong>greges</strong></span> <span class='ocrx_word' id='word_1_37' title='bbox 795 969 958 1031; x_wconf 82' lang='lat' dir='ltr'><strong>togatorum</strong></span> 
     </span>
     <span class='ocr_line' id='line_1_9' title="bbox 417 1038 972 1104; baseline 0.002 -16"><span class='ocrx_word' id='word_1_38' title='bbox 417 1038 609 1089; x_wconf 80' lang='lat' dir='ltr'><strong>Fasciculenus</strong></span> <span class='ocrx_word' id='word_1_39' title='bbox 618 1043 749 1104; x_wconf 84' lang='lat' dir='ltr'><strong>praestat,</strong></span> <span class='ocrx_word' id='word_1_40' title='bbox 759 1044 786 1089; x_wconf 95' lang='lat' dir='ltr'><strong>et</strong></span> <span class='ocrx_word' id='word_1_41' title='bbox 795 1038 972 1091; x_wconf 79' lang='lat' dir='ltr'><strong>Faventinus.</strong></span> 
     </span>
    </p>
   </div>
   <div class='ocr_carea' id='block_1_4' title="bbox 617 1149 823 1193">
    <p class='ocr_par' dir='ltr' id='par_1_5' title="bbox 617 1149 823 1193">
     <span class='ocr_line' id='line_1_10' title="bbox 617 1149 823 1193; baseline -0.015 -1"><span class='ocrx_word' id='word_1_42' title='bbox 617 1152 649 1193; x_wconf 78' lang='lat' dir='ltr'><strong>tt.</strong></span> <span class='ocrx_word' id='word_1_43' title='bbox 674 1150 715 1192; x_wconf 79' lang='lat' dir='ltr'><strong>De</strong></span> <span class='ocrx_word' id='word_1_44' title='bbox 733 1149 823 1193; x_wconf 80' lang='lat' dir='ltr'><strong>lsaus.</strong></span> 
     </span>
    </p>
   </div>
   <div class='ocr_carea' id='block_1_5' title="bbox 325 1242 1018 1981">
    <p class='ocr_par' dir='ltr' id='par_1_6' title="bbox 325 1242 1018 1981">
     <span class='ocr_line' id='line_1_11' title="bbox 327 1242 936 1309; baseline -0.002 -14"><span class='ocrx_word' id='word_1_45' title='bbox 327 1242 447 1296; x_wconf 85' lang='lat' dir='ltr'><strong>Verbera</strong></span> <span class='ocrx_word' id='word_1_46' title='bbox 457 1243 546 1293; x_wconf 89' lang='lat' dir='ltr'><strong>securi</strong></span> <span class='ocrx_word' id='word_1_47' title='bbox 556 1242 655 1293; x_wconf 87' lang='lat' dir='ltr'><strong>solitus</strong></span> <span class='ocrx_word' id='word_1_48' title='bbox 665 1242 710 1295; x_wconf 87' lang='lat' dir='ltr'><strong>leo</strong></span> <span class='ocrx_word' id='word_1_49' title='bbox 721 1242 791 1293; x_wconf 79' lang='lat' dir='ltr'><strong>ferre</strong></span> <span class='ocrx_word' id='word_1_50' title='bbox 801 1243 936 1309; x_wconf 77' lang='lat' dir='ltr'><strong>magistri,</strong></span> 
     </span>
     <span class='ocr_line' id='line_1_12' title="bbox 360 1317 967 1384; baseline 0.002 -17"><span class='ocrx_word' id='word_1_51' title='bbox 360 1319 544 1384; x_wconf 84' lang='lat' dir='ltr'><strong>insertamque</strong></span> <span class='ocrx_word' id='word_1_52' title='bbox 554 1318 612 1382; x_wconf 83' lang='lat' dir='ltr'><strong>pati</strong></span> <span class='ocrx_word' id='word_1_53' title='bbox 622 1317 738 1368; x_wconf 83' lang='lat' dir='ltr'><strong>blundus</strong></span> <span class='ocrx_word' id='word_1_54' title='bbox 748 1317 777 1367; x_wconf 93' lang='lat' dir='ltr'><strong>in</strong></span> <span class='ocrx_word' id='word_1_55' title='bbox 788 1332 837 1367; x_wconf 89' lang='lat' dir='ltr'><strong>ora</strong></span> <span class='ocrx_word' id='word_1_56' title='bbox 846 1332 967 1382; x_wconf 83' lang='lat' dir='ltr'><strong>menum,</strong></span> 
     </span>
     <span class='ocr_line' id='line_1_13' title="bbox 326 1389 918 1457; baseline -0.002 -14"><span class='ocrx_word' id='word_1_57' title='bbox 326 1392 458 1443; x_wconf 86' lang='lat' dir='ltr'><strong>dedidicit</strong></span> <span class='ocrx_word' id='word_1_58' title='bbox 467 1407 570 1457; x_wconf 86' lang='lat' dir='ltr'><strong>pacem,</strong></span> <span class='ocrx_word' id='word_1_59' title='bbox 581 1391 671 1442; x_wconf 88' lang='lat' dir='ltr'><strong>subito</strong></span> <span class='ocrx_word' id='word_1_60' title='bbox 682 1389 791 1442; x_wconf 83' lang='lat' dir='ltr'><strong>feritate</strong></span> <span class='ocrx_word' id='word_1_61' title='bbox 801 1406 918 1455; x_wconf 82' lang='lat' dir='ltr'><strong>reversa,</strong></span> 
     </span>
     <span class='ocr_line' id='line_1_14' title="bbox 363 1464 954 1533; baseline 0 -17"><span class='ocrx_word' id='word_1_62' title='bbox 363 1471 464 1533; x_wconf 83' lang='lat' dir='ltr'><strong>quanta</strong></span> <span class='ocrx_word' id='word_1_63' title='bbox 473 1481 523 1517; x_wconf 90' lang='lat' dir='ltr'><strong>nec</strong></span> <span class='ocrx_word' id='word_1_64' title='bbox 532 1467 561 1516; x_wconf 92' lang='lat' dir='ltr'><strong>in</strong></span> <span class='ocrx_word' id='word_1_65' title='bbox 570 1464 684 1532; x_wconf 83' lang='lat' dir='ltr'><strong>Libycis</strong></span> <span class='ocrx_word' id='word_1_66' title='bbox 694 1466 788 1517; x_wconf 89' lang='lat' dir='ltr'><strong>debuit</strong></span> <span class='ocrx_word' id='word_1_67' title='bbox 797 1481 858 1516; x_wconf 88' lang='lat' dir='ltr'><strong>esse</strong></span> <span class='ocrx_word' id='word_1_68' title='bbox 872 1467 954 1533; x_wconf 84' lang='lat' dir='ltr'><strong>iugis.</strong></span> 
     </span>
     <span class='ocr_line' id='line_1_15' title="bbox 325 1540 962 1607; baseline -0.002 -14"><span class='ocrx_word' id='word_1_69' title='bbox 325 1540 350 1593; x_wconf 92' lang='lat' dir='ltr'>N</span> <span class='ocrx_word' id='word_1_70' title='bbox 353 1556 395 1591; x_wconf 85' lang='lat' dir='ltr'><strong>am</strong></span> <span class='ocrx_word' id='word_1_71' title='bbox 406 1541 460 1590; x_wconf 90' lang='lat' dir='ltr'><strong>duo</strong></span> <span class='ocrx_word' id='word_1_72' title='bbox 471 1540 504 1591; x_wconf 90' lang='lat' dir='ltr'><strong>de</strong></span> <span class='ocrx_word' id='word_1_73' title='bbox 514 1546 608 1590; x_wconf 84' lang='lat' dir='ltr'><strong>tenera</strong></span> <span class='ocrx_word' id='word_1_74' title='bbox 617 1541 734 1607; x_wconf 81' lang='lat' dir='ltr'><strong>puerilia</strong></span> <span class='ocrx_word' id='word_1_75' title='bbox 744 1555 862 1606; x_wconf 85' lang='lat' dir='ltr'><strong>corpora</strong></span> <span class='ocrx_word' id='word_1_76' title='bbox 870 1541 962 1605; x_wconf 90' lang='lat' dir='ltr'><strong>turba,</strong></span> 
     </span>
     <span class='ocr_line' id='line_1_16' title="bbox 363 1612 1018 1682; baseline 0.003 -18"><span class='ocrx_word' id='word_1_77' title='bbox 363 1616 538 1682; x_wconf 84' lang='lat' dir='ltr'><strong>sanguineam</strong></span> <span class='ocrx_word' id='word_1_78' title='bbox 549 1616 644 1665; x_wconf 85' lang='lat' dir='ltr'><strong>rastris</strong></span> <span class='ocrx_word' id='word_1_79' title='bbox 655 1630 725 1681; x_wconf 87' lang='lat' dir='ltr'><strong>quae</strong></span> <span class='ocrx_word' id='word_1_80' title='bbox 735 1615 885 1665; x_wconf 87' lang='lat' dir='ltr'><strong>renovabat</strong></span> <span class='ocrx_word' id='word_1_81' title='bbox 894 1612 1018 1681; x_wconf 81' lang='lat' dir='ltr'><strong>humum,</strong></span> 
     </span>
     <span class='ocr_line' id='line_1_17' title="bbox 326 1687 893 1755; baseline -0.002 -15"><span class='ocrx_word' id='word_1_82' title='bbox 326 1705 423 1741; x_wconf 86' lang='lat' dir='ltr'><strong>saevus</strong></span> <span class='ocrx_word' id='word_1_83' title='bbox 434 1695 461 1741; x_wconf 91' lang='lat' dir='ltr'><strong>et</strong></span> <span class='ocrx_word' id='word_1_84' title='bbox 470 1688 567 1741; x_wconf 85' lang='lat' dir='ltr'><strong>infelix</strong></span> <span class='ocrx_word' id='word_1_85' title='bbox 576 1687 670 1741; x_wconf 80' lang='lat' dir='ltr'><strong>furiali</strong></span> <span class='ocrx_word' id='word_1_86' title='bbox 680 1690 761 1741; x_wconf 89' lang='lat' dir='ltr'><strong>deute</strong></span> <span class='ocrx_word' id='word_1_87' title='bbox 770 1690 893 1755; x_wconf 86' lang='lat' dir='ltr'><strong>peremit.</strong></span> 
     </span>
     <span class='ocr_line' id='line_1_18' title="bbox 363 1764 896 1816; baseline 0.002 -3"><span class='ocrx_word' id='word_1_88' title='bbox 363 1765 466 1815; x_wconf 88' lang='lat' dir='ltr'><strong>Martia</strong></span> <span class='ocrx_word' id='word_1_89' title='bbox 474 1781 529 1816; x_wconf 87' lang='lat' dir='ltr'><strong>ncn</strong></span> <span class='ocrx_word' id='word_1_90' title='bbox 538 1765 608 1816; x_wconf 88' lang='lat' dir='ltr'><strong>vidit</strong></span> <span class='ocrx_word' id='word_1_91' title='bbox 618 1766 707 1815; x_wconf 88' lang='lat' dir='ltr'><strong>maius</strong></span> <span class='ocrx_word' id='word_1_92' title='bbox 718 1778 801 1815; x_wconf 82' lang='lat' dir='ltr'><strong>arena</strong></span> <span class='ocrx_word' id='word_1_93' title='bbox 809 1764 896 1815; x_wconf 81' lang='lat' dir='ltr'><strong>nefas.</strong></span> 
     </span>
     <span class='ocr_line' id='line_1_19' title="bbox 327 1838 970 1905; baseline 0.005 -16"><span class='ocrx_word' id='word_1_94' title='bbox 327 1838 486 1891; x_wconf 82' lang='lat' dir='ltr'><strong>Exclamare</strong></span> <span class='ocrx_word' id='word_1_95' title='bbox 498 1840 578 1891; x_wconf 89' lang='lat' dir='ltr'><strong>libet:</strong></span> <span class='ocrx_word' id='word_1_96' title='bbox 599 1839 724 1902; x_wconf 89' lang='lat' dir='ltr'><strong>crudelis,</strong></span> <span class='ocrx_word' id='word_1_97' title='bbox 736 1838 846 1905; x_wconf 80' lang='lat' dir='ltr'><strong>perfide,</strong></span> <span class='ocrx_word' id='word_1_98' title='bbox 856 1839 970 1905; x_wconf 87' lang='lat' dir='ltr'><strong>praedo,</strong></span> 
     </span>
     <span class='ocr_line' id='line_1_20' title="bbox 363 1911 879 1981; baseline -0.004 -17"><span class='ocrx_word' id='word_1_99' title='bbox 363 1930 380 1964; x_wconf 88' lang='lat' dir='ltr'><strong>a</strong></span> <span class='ocrx_word' id='word_1_100' title='bbox 389 1921 484 1965; x_wconf 87' lang='lat' dir='ltr'><strong>nostra</strong></span> <span class='ocrx_word' id='word_1_101' title='bbox 493 1915 585 1981; x_wconf 84' lang='lat' dir='ltr'><strong>pueris</strong></span> <span class='ocrx_word' id='word_1_102' title='bbox 595 1929 707 1981; x_wconf 80' lang='lat' dir='ltr'><strong>parcere</strong></span> <span class='ocrx_word' id='word_1_103' title='bbox 717 1914 791 1964; x_wconf 89' lang='lat' dir='ltr'><strong>disce</strong></span> <span class='ocrx_word' id='word_1_104' title='bbox 801 1911 879 1980; x_wconf 85' lang='lat' dir='ltr'><strong>lupa!</strong></span> 
     </span>
    </p>
   </div>
   <div class='ocr_carea' id='block_1_6' title="bbox 613 2018 830 2060">
    <p class='ocr_par' dir='ltr' id='par_1_7' title="bbox 613 2018 830 2060">
     <span class='ocr_line' id='line_1_21' title="bbox 613 2018 830 2060; baseline 0.005 -1"><span class='ocrx_word' id='word_1_105' title='bbox 613 2021 647 2060; x_wconf 80' lang='lat' dir='ltr'><strong>ld.</strong></span> <span class='ocrx_word' id='word_1_106' title='bbox 673 2019 712 2059; x_wconf 84' lang='lat' dir='ltr'><strong>lle</strong></span> <span class='ocrx_word' id='word_1_107' title='bbox 732 2018 830 2060; x_wconf 68' lang='lat' dir='ltr'><strong>atarto.</strong></span> 
     </span>
    </p>
   </div>
   <div class='ocr_carea' id='block_1_7' title="bbox 326 2110 966 2266">
    <p class='ocr_par' dir='ltr' id='par_1_8' title="bbox 326 2110 966 2266">
     <span class='ocr_line' id='line_1_22' title="bbox 326 2110 966 2178; baseline 0.002 -16"><span class='ocrx_word' id='word_1_108' title='bbox 326 2112 437 2178; x_wconf 76' lang='lat' dir='ltr'><strong>Argenti</strong></span> <span class='ocrx_word' id='word_1_109' title='bbox 447 2111 531 2161; x_wconf 87' lang='lat' dir='ltr'><strong>libras</strong></span> <span class='ocrx_word' id='word_1_110' title='bbox 541 2110 646 2160; x_wconf 88' lang='lat' dir='ltr'><strong>Marius</strong></span> <span class='ocrx_word' id='word_1_111' title='bbox 656 2110 706 2160; x_wconf 89' lang='lat' dir='ltr'><strong>tibi</strong></span> <span class='ocrx_word' id='word_1_112' title='bbox 719 2111 836 2176; x_wconf 89' lang='lat' dir='ltr'><strong>quinque</strong></span> <span class='ocrx_word' id='word_1_113' title='bbox 846 2111 966 2177; x_wconf 86' lang='lat' dir='ltr'><strong>reliquit.</strong></span> 
     </span>
     <span class='ocr_line' id='line_1_23' title="bbox 364 2183 954 2266; baseline 0.002 -31"><span class='ocrx_word' id='word_1_114' title='bbox 364 2186 414 2236; x_wconf 81' lang='lat' dir='ltr'><strong>Cui</strong></span> <span class='ocrx_word' id='word_1_115' title='bbox 424 2183 493 2235; x_wconf 89' lang='lat' dir='ltr'><strong>nihil</strong></span> <span class='ocrx_word' id='word_1_116' title='bbox 503 2186 562 2250; x_wconf 86' lang='lat' dir='ltr'><strong>ipse</strong></span> <span class='ocrx_word' id='word_1_117' title='bbox 572 2184 667 2247; x_wconf 77' lang='lat' dir='ltr'><strong>dabas,</strong></span> <span class='ocrx_word' id='word_1_118' title='bbox 677 2185 702 2235; x_wconf 89' lang='lat' dir='ltr'><strong>is</strong></span> <span class='ocrx_word' id='word_1_119' title='bbox 712 2185 763 2235; x_wconf 90' lang='lat' dir='ltr'><strong>tibi</strong></span> <span class='ocrx_word' id='word_1_120' title='bbox 774 2185 857 2266; x_wconf 81' lang='lat' dir='ltr'><strong>verba</strong></span> <span class='ocrx_word' id='word_1_121' title='bbox 870 2185 954 2236; x_wconf 83' lang='lat' dir='ltr'><strong>dedit</strong></span> 
     </span>
    </p>
   </div>
   <div class='ocr_carea' id='block_1_8' title="bbox 579 2287 863 2332">
    <p class='ocr_par' dir='ltr' id='par_1_9' title="bbox 579 2287 863 2332">
     <span class='ocr_line' id='line_1_24' title="bbox 579 2287 863 2332; baseline 0.004 -1"><span class='ocrx_word' id='word_1_122' title='bbox 579 2291 612 2331; x_wconf 78' lang='lat' dir='ltr'><strong>ii·</strong></span> <span class='ocrx_word' id='word_1_123' title='bbox 638 2287 669 2330; x_wconf 87' lang='lat' dir='ltr'><strong>ln</strong></span> <span class='ocrx_word' id='word_1_124' title='bbox 689 2289 863 2332; x_wconf 77' lang='lat' dir='ltr'><strong>Gereonium.</strong></span> 
     </span>
    </p>
   </div>
   <div class='ocr_carea' id='block_1_9' title="bbox 327 2383 1021 2823">
    <p class='ocr_par' dir='ltr' id='par_1_10' title="bbox 327 2383 1018 2523">
     <span class='ocr_line' id='line_1_25' title="bbox 327 2383 1018 2448; baseline 0.003 -16"><span class='ocrx_word' id='word_1_125' title='bbox 327 2383 455 2445; x_wconf 83' lang='lat' dir='ltr'><strong>Cosconi,</strong></span> <span class='ocrx_word' id='word_1_126' title='bbox 467 2383 513 2448; x_wconf 88' lang='lat' dir='ltr'><strong>qui</strong></span> <span class='ocrx_word' id='word_1_127' title='bbox 522 2383 606 2448; x_wconf 83' lang='lat' dir='ltr'><strong>longa</strong></span> <span class='ocrx_word' id='word_1_128' title='bbox 615 2388 696 2448; x_wconf 84' lang='lat' dir='ltr'><strong>putas</strong></span> <span class='ocrx_word' id='word_1_129' title='bbox 706 2383 903 2448; x_wconf 80' lang='lat' dir='ltr'><strong>epigrammata</strong></span> <span class='ocrx_word' id='word_1_130' title='bbox 911 2389 1018 2448; x_wconf 79' lang='lat' dir='ltr'><strong>nostre,</strong></span> 
     </span>
     <span class='ocr_line' id='line_1_26' title="bbox 364 2457 858 2523; baseline -0.002 -17"><span class='ocrx_word' id='word_1_131' title='bbox 364 2457 439 2507; x_wconf 87' lang='lat' dir='ltr'><strong>utilis</strong></span> <span class='ocrx_word' id='word_1_132' title='bbox 449 2457 581 2523; x_wconf 86' lang='lat' dir='ltr'><strong>ungendis</strong></span> <span class='ocrx_word' id='word_1_133' title='bbox 594 2457 691 2508; x_wconf 86' lang='lat' dir='ltr'><strong>axibus</strong></span> <span class='ocrx_word' id='word_1_134' title='bbox 702 2471 761 2507; x_wconf 86' lang='lat' dir='ltr'><strong>esse</strong></span> <span class='ocrx_word' id='word_1_135' title='bbox 771 2462 858 2521; x_wconf 80' lang='lat' dir='ltr'><strong>potes.</strong></span> 
     </span>
    </p>

    <p class='ocr_par' dir='ltr' id='par_1_11' title="bbox 328 2530 991 2671">
     <span class='ocr_line' id='line_1_27' title="bbox 328 2530 991 2598; baseline 0.002 -18"><span class='ocrx_word' id='word_1_136' title='bbox 328 2531 388 2581; x_wconf 88' lang='lat' dir='ltr'><strong>Hac</strong></span> <span class='ocrx_word' id='word_1_137' title='bbox 398 2539 429 2580; x_wconf 91' lang='lat' dir='ltr'><strong>tu</strong></span> <span class='ocrx_word' id='word_1_138' title='bbox 440 2531 589 2581; x_wconf 79' lang='lat' dir='ltr'><strong>credideris</strong></span> <span class='ocrx_word' id='word_1_139' title='bbox 599 2531 710 2598; x_wconf 80' lang='lat' dir='ltr'><strong>longum</strong></span> <span class='ocrx_word' id='word_1_140' title='bbox 720 2531 827 2581; x_wconf 79' lang='lat' dir='ltr'><strong>ratione</strong></span> <span class='ocrx_word' id='word_1_141' title='bbox 842 2530 991 2594; x_wconf 77' lang='lat' dir='ltr'><strong>colossum,</strong></span> 
     </span>
     <span class='ocr_line' id='line_1_28' title="bbox 365 2604 912 2671; baseline -0.004 -16"><span class='ocrx_word' id='word_1_142' title='bbox 365 2612 392 2655; x_wconf 95' lang='lat' dir='ltr'><strong>et</strong></span> <span class='ocrx_word' id='word_1_143' title='bbox 402 2621 512 2671; x_wconf 85' lang='lat' dir='ltr'><strong>puerum</strong></span> <span class='ocrx_word' id='word_1_144' title='bbox 522 2605 602 2656; x_wconf 90' lang='lat' dir='ltr'><strong>Bruti</strong></span> <span class='ocrx_word' id='word_1_145' title='bbox 613 2605 716 2656; x_wconf 80' lang='lat' dir='ltr'><strong>dixeris</strong></span> <span class='ocrx_word' id='word_1_146' title='bbox 726 2620 785 2656; x_wconf 87' lang='lat' dir='ltr'><strong>esse</strong></span> <span class='ocrx_word' id='word_1_147' title='bbox 794 2604 912 2655; x_wconf 83' lang='lat' dir='ltr'><strong>brevem.</strong></span> 
     </span>
    </p>

    <p class='ocr_par' dir='ltr' id='par_1_12' title="bbox 328 2677 1021 2823">
     <span class='ocr_line' id='line_1_29' title="bbox 328 2677 1021 2747; baseline 0.004 -18"><span class='ocrx_word' id='word_1_148' title='bbox 328 2678 420 2741; x_wconf 88' lang='lat' dir='ltr'><strong>Disce,</strong></span> <span class='ocrx_word' id='word_1_149' title='bbox 432 2679 504 2745; x_wconf 85' lang='lat' dir='ltr'><strong>quud</strong></span> <span class='ocrx_word' id='word_1_150' title='bbox 515 2680 639 2747; x_wconf 80' lang='lat' dir='ltr'><strong>ignoras:</strong></span> <span class='ocrx_word' id='word_1_151' title='bbox 659 2678 747 2731; x_wconf 85' lang='lat' dir='ltr'><strong>Marsi</strong></span> <span class='ocrx_word' id='word_1_152' title='bbox 756 2679 884 2744; x_wconf 86' lang='lat' dir='ltr'><strong>doctique</strong></span> <span class='ocrx_word' id='word_1_153' title='bbox 899 2677 1021 2732; x_wconf 81' lang='lat' dir='ltr'><strong>Pedonis</strong></span> 
     </span>
     <span class='ocr_line' id='line_1_30' title="bbox 359 2753 967 2823; baseline -0.008 -20"><span class='ocrx_word' id='word_1_154' title='bbox 359 2769 444 2819; x_wconf 81' lang='lat' dir='ltr'><strong>saepe</strong></span> <span class='ocrx_word' id='word_1_155' title='bbox 454 2753 555 2822; x_wconf 81' lang='lat' dir='ltr'><strong>duplex</strong></span> <span class='ocrx_word' id='word_1_156' title='bbox 565 2770 648 2806; x_wconf 90' lang='lat' dir='ltr'><strong>unum</strong></span> <span class='ocrx_word' id='word_1_157' title='bbox 658 2755 764 2823; x_wconf 78' lang='lat' dir='ltr'><strong>pagiua</strong></span> <span class='ocrx_word' id='word_1_158' title='bbox 770 2758 877 2803; x_wconf 70' lang='lat' dir='ltr'><strong>tractat</strong></span> <span class='ocrx_word' id='word_1_159' title='bbox 885 2767 967 2815; x_wconf 58' lang='lat' dir='ltr'><strong>unius.</strong></span> 
     </span>
    </p>
   </div>
   <div class='ocr_carea' id='block_1_10' title="bbox 305 2819 1157 2973">
    <p class='ocr_par' dir='ltr' id='par_1_13' title="bbox 305 2819 1157 2973">
     <span class='ocr_line' id='line_1_31' title="bbox 305 2819 1157 2902; baseline 0 -26"><span class='ocrx_word' id='word_1_160' title='bbox 305 2826 373 2876; x_wconf 71' lang='lat' dir='ltr'><strong>rl&#39;nn</strong></span> <span class='ocrx_word' id='word_1_161' title='bbox 383 2835 452 2880; x_wconf 85' lang='lat' dir='ltr'><strong>sunt</strong></span> <span class='ocrx_word' id='word_1_162' title='bbox 459 2830 559 2901; x_wconf 79' lang='lat' dir='ltr'><strong>lunga,</strong></span> <span class='ocrx_word' id='word_1_163' title='bbox 568 2832 673 2902; x_wconf 88' lang='lat' dir='ltr'><strong>quibus</strong></span> <span class='ocrx_word' id='word_1_164' title='bbox 684 2828 759 2884; x_wconf 76' lang='lat' dir='ltr'><strong>nihil</strong></span> <span class='ocrx_word' id='word_1_165' title='bbox 770 2822 911 2892; x_wconf 41' lang='lat' dir='ltr'><strong>estquod</strong></span> <span class='ocrx_word' id='word_1_166' title='bbox 919 2823 1034 2871; x_wconf 80' lang='lat' dir='ltr'><strong>demere</strong></span> <span class='ocrx_word' id='word_1_167' title='bbox 1042 2819 1157 2884; x_wconf 47' lang='lat' dir='ltr'><strong>aarum</strong></span> 
     </span>
     <span class='ocr_line' id='line_1_32' title="bbox 328 2896 949 2973; baseline -0.005 -17"><span class='ocrx_word' id='word_1_168' title='bbox 328 2904 389 2956; x_wconf 78' lang='lat' dir='ltr'><strong>sed</strong></span> <span class='ocrx_word' id='word_1_169' title='bbox 397 2910 438 2969; x_wconf 85' lang='lat' dir='ltr'><strong>tu,</strong></span> <span class='ocrx_word' id='word_1_170' title='bbox 454 2908 596 2973; x_wconf 82' lang='lat' dir='ltr'><strong>Cosconi,</strong></span> <span class='ocrx_word' id='word_1_171' title='bbox 610 2896 949 2967; x_wconf 68' lang='lat' dir='ltr'><strong>distichslongaiacis·</strong></span> 
     </span>
    </p>
   </div>
   <div class='ocr_carea' id='block_1_11' title="bbox 0 0 1380 3450">
    <p class='ocr_par' dir='ltr' id='par_1_14' title="bbox 0 0 1380 3450">
     <span class='ocr_line' id='line_1_33' title="bbox 0 0 1380 3450; baseline 0 0"><span class='ocrx_word' id='word_1_172' title='bbox 0 0 1380 3450; x_wconf 95' lang='lat' dir='ltr'><strong> </strong></span> 
     </span>
    </p>
   </div>
  </div>
 </body>
</html>
