2750 3450
434 314 758 363 EPlGlltlllllliA'l'UM
785 317 853 363 ΗΒ.
876 318 931 365 Vll.
1032 316 1082 367 177

281 440 325 492 bis
335 456 418 493 senos
428 440 563 507 triplices,
574 444 602 491 et
611 440 793 507 dentiscalpia
802 447 918 508 septem:

319 513 364 567 bia
373 530 468 567 comes
478 508 596 566 accessit
605 516 730 582 spongia,
739 532 848 582 mappa,
860 518 945 580 salin

284 590 478 657 ssmodiusqne
487 589 569 640 fabae
580 605 640 640 cnm
651 591 751 641 vimine
760 589 930 657 Picenarum,

322 663 513 715 ctLaletanae
522 666 603 733 nigra
611 664 711 732 lagena
721 681 817 731 sapae3

286 753 424 806 parvaque
434 754 496 790 cnm
507 741 584 790 canis
596 745 728 790 venerunt
736 746 853 791 coctana
861 741 964 807 prunis,

323 821 350 864 et
358 812 486 881 Libycae
497 813 542 865 lici
552 814 672 880 pondere
681 819 753 865 testa
762 816 863 881 gravis.

285 886 338 938 Vix
348 894 416 955 puto
427 889 544 956 triginta
552 904 723 940 nummorum
732 894 794 941 tota
802 889 888 940 fuisse

321 978 445 1026 munera,
456 978 526 1030 qnae
536 964 653 1030 grandes
664 968 728 1015 octo
740 964 826 1015 tulere
837 962 910 1030 Syri.

288 1036 396 1099 Quanto
408 1038 582 1089 commodius
591 1037 668 1089 nullo
679 1036 747 1088 mibi
756 1037 827 1089 ferre
836 1038 932 1091 labore

323 1113 431 1180 argenti
441 1112 534 1178 potuit
542 1113 666 1179 pondera
676 1113 795 1179 quinque
804 1112 886 1180 pueri

533 1223 568 1263 ll·
591 1218 622 1261 ln
640 1218 832 1262 Nasidianum.

286 1310 396 1380 Semper
405 1327 487 1365 mane
496 1310 564 1364 mibi
574 1313 608 1364 de
617 1328 660 1363 me
669 1329 746 1371 mera
755 1315 863 1364 somnia
872 1330 976 1377 narras,

324 1403 392 1455 qnae
401 1392 533 1440 moveant
543 1388 660 1438 animum
671 1388 873 1454 sollicitentque
884 1405 982 1441 meum.

284 1461 342 1513 lam
351 1463 430 1530 prior
440 1462 476 1514 ad
486 1461 589 1514 faecem
601 1462 649 1514 sed
659 1463 687 1513 et
696 1460 764 1514 hacc
773 1464 911 1514 vindemia
921 1467 1003 1528 venit,

323 1544 420 1589 exorat
428 1542 525 1590 noctes
536 1538 598 1588 dum
609 1535 677 1588 mibi
687 1552 755 1605 saga
763 1544 834 1588 tuas.

285 1611 430 1663 Gonsnmsi
441 1613 584 1679 salsasque
594 1612 692 1675 molas,
704 1618 731 1663 et
740 1614 808 1663 turis
823 1627 948 1662 acervos:

323 1686 467 1739 decrevere
477 1702 583 1755 greges,
594 1687 656 1739 dum
668 1688 744 1739 cadit
753 1702 825 1755 agna
834 1685 969 1753 frequens.

281 1760 347 1813 Non
357 1777 467 1828 porcus,
478 1779 534 1814 non
544 1764 628 1814 cortis
639 1778 712 1825 aves,
723 1779 778 1814 non
790 1778 842 1813 ova
852 1768 1005 1828 supersunt.

321 1837 375 1887 Aut
383 1837 477 1904 vigila,
489 1843 537 1888 ant
547 1836 646 1902 dormi,
656 1836 814 1900 Nasidiene,
824 1837 884 1887 tibi.

551 1945 586 1986 55.
609 1941 641 1984 ln
662 1941 816 1984 chrestum.

357 2033 434 2087 Nulli
444 2051 565 2099 munera,
576 2034 697 2099 Chreste,
708 2036 733 2085 si
743 2035 868 2099 remittis,

357 2124 409 2160 nec
417 2111 499 2161 nobis
515 2110 622 2162 dederis
632 2110 838 2176 remiserisque3

359 2185 467 2236 credam
479 2189 506 2236 te
517 2186 586 2236 satis
596 2200 657 2236 esse
666 2185 817 2236 liberalem.

360 2256 415 2310 Sed
423 2259 449 2311 si
458 2260 551 2311 reddis
561 2260 668 2326 Apicio,
679 2258 822 2325 Lupoque,

358 2339 388 2384 et
397 2332 490 2397 Gallo,
501 2334 642 2401 Titioque,
655 2332 813 2400 Gellioque3

358 2407 447 2475 lingas
457 2424 514 2460 non
525 2407 601 2473 mihi,
613 2412 686 2473 (nam
698 2409 786 2475 proba
795 2414 823 2459 et
831 2409 933 2475 pusilla
947 2413 1008 2472 est,)

359 2484 407 2534 sed
417 2499 488 2550 quae
498 2484 533 2534 dc
544 2482 666 2550 Solymis
676 2482 751 2534 venit
759 2485 877 2551 perustis

359 2558 516 2609 damnatam
528 2559 612 2610 modo
623 2558 769 2609 mentulam
780 2558 885 2609 tributi.

546 2666 581 2707 58.
605 2663 645 2705 Ao
664 2664 818 2705 Rabirium.

279 2758 366 2807 Astra
376 2757 524 2825 polumque
533 2763 583 2808 tua
595 2758 693 2823 cepisti
703 2763 800 2820 mente,
812 2755 907 2806 Rabiri
917 2774 923 2805 :

320 2828 497 2883 Parrhasiam
508 2833 579 2884 mira
589 2833 636 2899 qui
646 2833 729 2883 stmis
741 2838 798 2882 orte
809 2831 927 2882 domum.

352 2923 457 2970 Mssa.
854 2929 886 2976 Μ
