2750 3450
309 383 358 435 reu
472 382 493 460 J
602 362 826 431 nrsnrrsnrsl'

310 512 364 563 Sed
374 511 425 561 tibi
435 525 490 561 nau
501 509 587 560 crevi:
602 514 630 560 te
640 513 733 560 noster
743 508 854 560 villicus
866 506 977 562 honere

345 593 372 636 te
383 586 566 652 dispensator,
576 589 603 635 te
615 585 712 636 dumrrs
722 586 783 650 ipsu
793 590 884 650 pavet.

308 661 416 712 Ludere
427 676 477 711 nec
487 659 577 722 nabis,
589 676 639 711 nec
649 667 679 710 tu
689 660 824 726 permittis
836 674 945 711 amare:

346 737 386 786 nil
396 733 464 785 milri
475 735 525 798 vis,
537 740 564 785 et
574 735 615 786 vis
628 741 725 786 cuncta
735 734 818 784 licere
828 735 889 785 tibi.

310 812 442 877 Corripis,
454 811 593 872 observas,
607 811 736 876 quereris,
747 810 867 875 suspiria
877 809 972 872 ducis,

347 891 374 937 et
383 888 429 938 vix
441 901 457 935 a
467 885 563 937 ferulis
575 885 695 935 abstinet
703 885 746 934 ira
756 901 874 935 manum.

310 961 340 1013 Si
351 963 455 1026 Tyrios
466 961 552 1011 sumsi
564 961 660 1023 cultus,
673 961 771 1010 unxive
783 960 914 1026 capillos;

346 1037 493 1099 exclamas,
504 1035 650 1102 Nunquam
660 1035 764 1087 fecerat
772 1036 828 1086 ista
839 1040 926 1101 pater.

310 1113 346 1164 Et
356 1127 482 1164 numeras
492 1117 603 1162 nostros
615 1112 749 1162 adstricta
759 1110 850 1162 fronte
859 1111 986 1176 trientes,

347 1195 477 1254 tanquam
489 1187 522 1237 de
534 1186 604 1236 cella
614 1188 651 1236 sit
661 1187 746 1236 cadus
756 1186 803 1237 ille
813 1193 870 1236 tua.

310 1264 428 1315 Desine:
442 1278 497 1313 uun
508 1276 619 1327 possum
630 1262 759 1312 libertum
769 1261 840 1313 ferre
852 1261 999 1314 Catonem.

347 1339 415 1390 Esse
425 1339 512 1388 virum
523 1337 578 1386 iam
588 1353 631 1386 me
642 1336 716 1387 dicet
726 1338 816 1389 aulica
824 1337 885 1388 tibi.

580 1445 615 1484 ⁴0.
640 1441 680 1484 De
700 1441 837 1498 Luperco.

400 1536 563 1588 Formosam
574 1535 712 1603 Glyceren
724 1544 800 1588 amat
809 1535 962 1603 Lupercus,

402 1618 429 1665 et
439 1612 515 1664 solus
525 1616 607 1675 tenet,
618 1613 790 1680 imperatque
800 1612 889 1664 solus:

402 1704 483 1757 quam
495 1693 556 1740 toto
568 1689 621 1740 sibi
632 1704 725 1741 mense
735 1704 791 1741 uon
800 1687 919 1740 fututam

402 1782 463 1817 curn
472 1765 561 1815 tristis
572 1762 789 1831 qrrereretur3.et
798 1766 910 1832 roganti

403 1856 514 1893 causam
524 1840 639 1891 reddere
648 1841 732 1891 vellet
741 1841 870 1891 Aeliano:

402 1916 553 1983 respondit,
566 1914 702 1982 Glycerae
713 1916 807 1967 dolere
817 1916 920 1966 dentes.

583 2026 618 2063 41.
644 2023 683 2064 lle
704 2022 829 2074 Amynta.

311 2117 435 2182 Indulget
446 2117 539 2181 pecori
549 2117 662 2166 nimium
674 2117 738 2167 dum
749 2125 846 2183 pastor
854 2117 1005 2182 Amyntas,

348 2197 375 2243 et
385 2192 486 2257 gaudet
495 2190 569 2241 fama
578 2192 742 2259 luxuriaque
753 2193 856 2259 gregis:
869 2194 878 2202 “

312 2269 439 2320 cedentes
452 2268 527 2317 oneri
539 2283 631 2318 ramos
641 2268 793 2334 silvamque
805 2263 930 2317 liuentem

346 2344 423 2405 vicit,
435 2358 582 2393 concussas
593 2345 652 2410 ipse
664 2350 773 2394 secutus
784 2358 858 2408 opes.

311 2421 402 2470 'l'riste
414 2434 507 2468 nemus
519 2418 596 2469 dirae
607 2420 694 2470 vetuit
704 2433 845 2485 superesse
856 2417 980 2483 rapinae,

348 2495 542 2560 damnavitque
553 2496 629 2560 rogis
639 2496 726 2545 noxia
736 2494 811 2560 ligna
823 2498 908 2559 pater.

311 2571 439 2637 Pingues,
450 2569 557 2636 Lygde,
569 2586 631 2620 sues
642 2568 744 2620 habeat
753 2570 859 2619 vicinus
869 2568 959 2619 lolas:

347 2652 375 2695 te
385 2647 453 2696 satis
464 2651 506 2696 est
515 2645 595 2695 uobis
607 2660 786 2696 annumerare
800 2659 891 2710 pecus.

551 2755 585 2793 42.
610 2750 642 2793 In
662 2748 868 2794 Caecilianum.

311 2844 413 2898 Vivida
424 2861 483 2895 cum
494 2861 594 2912 poscas
605 2846 813 2913 epigrammata,
823 2851 933 2895 mortua
943 2849 1029 2913 ponis

345 2923 490 2975 lemmata:
507 2922 553 2992 qui
564 2920 637 2987 ficri,
645 2920 813 2984 Caeciliaue,
822 2917 930 2985 putestl
