2750 3450
429 372 744 421 urlunnuunumu
770 375 840 421 Llll.
857 373 923 421 VIII.
1028 372 1075 422 wi

522 497 542 536 1.
566 493 607 535 Ad
625 492 728 536 librum
749 507 831 536 suum.

280 559 447 630 Isaurigeros
457 560 570 624 domini,
582 561 659 624 liber,
669 561 803 612 intrumre
813 559 938 624 Penates,
996 598 1001 607 .

316 637 392 688 disce
402 636 554 687 verecundo
566 637 686 686 sanctius
699 650 745 687 ore
755 635 842 702 loqui.

280 710 359 762 Nuda
369 712 466 763 recede
476 708 581 761 Venus:
598 726 653 761 non
664 717 706 761 est
715 716 777 760 tuus
787 711 840 760 iste
850 710 973 761 libellus:

314 791 346 839 tu
354 784 431 849 mihi,
441 791 480 850 tu,
489 784 583 836 Pallas
595 785 771 848 Caesariana,
782 785 852 836 veni.

572 877 592 914 2.
616 872 657 914 Ad
675 871 778 913 lunum.

387 937 532 990 Fastorum
543 940 652 1005 genitor
661 954 813 1004 parensque
824 937 905 989 lanus

388 1015 521 1066 victorem
534 1015 617 1065 modo
629 1030 689 1065 curn
700 1014 806 1064 videret
818 1013 889 1075 istri,

389 1094 431 1141 tot
440 1088 530 1140 vultus
542 1089 596 1140 sibi
606 1104 661 1140 non
672 1089 741 1139 satis
752 1090 866 1155 putavit,

389 1164 548 1230 optavitque
560 1164 656 1216 oculos
668 1162 770 1214 habere
779 1163 884 1229 plures:

389 1245 417 1289 et
425 1239 519 1306 liugna
530 1240 633 1304 pariter
642 1240 751 1289 locutus
761 1239 844 1300 omni,

387 1319 521 1364 terrarum
532 1315 654 1376 domino,
666 1314 772 1380 deoque
783 1329 872 1363 rerum

388 1389 516 1455 promisit
525 1386 634 1454 Pyliam
646 1395 743 1456 quater
752 1394 898 1439 senectam.

388 1463 490 1525 Addas,
498 1463 563 1513 Iane
573 1470 659 1530 pater,
670 1469 745 1514 tuam
754 1479 892 1530 rogamus.

280 1613 407 1680 Quinque
416 1614 485 1665 satis
494 1556 603 1665 fueraiit
609 1551 896 1681 dnindddrideptenrve
906 1587 994 1667 libelli

316 1695 359 1742 est
368 1690 494 1740 nimium:
511 1691 577 1757 quId
588 1689 678 1742 adhuc
688 1691 791 1753 ludere,
801 1690 891 1752 Musa,
901 1690 993 1742 irruat?

280 1763 324 1817 Sit
333 1765 431 1831 pudor,
442 1771 469 1815 et
478 1765 550 1817 linis.
574 1766 631 1817 lam
643 1767 705 1832 plus
714 1764 784 1816 nihil
794 1766 894 1816 addere
905 1766 986 1817 nobis

315 1839 392 1891 ianua
401 1845 505 1907 potest:
519 1842 618 1892 teritur
628 1847 723 1893 noster
731 1841 831 1907 uquue
842 1840 926 1892 liber:

279 1920 378 1967 etcum
388 1920 469 1982 rupta
478 1916 533 1967 situ
542 1916 692 1968 Messallae
702 1932 771 1967 saxa
780 1916 917 1978 iacebunt,

317 1989 428 2057 altoque
438 2006 498 2041 cum
509 1990 600 2042 Licini
609 2008 748 2043 marmora
757 1991 846 2058 pulvis
857 1997 948 2042 eruut:

278 2080 323 2117 me
332 2070 424 2116 tumen
435 2082 485 2117 ora
494 2066 594 2133 legent,
605 2073 633 2118 et
642 2083 734 2118 secum
745 2067 876 2133 plurimus
886 2063 986 2132 hospes

318 2140 355 2191 ad
364 2141 468 2207 patrias
478 2142 557 2193 sedes
567 2144 691 2194 carmina
700 2148 796 2194 nostra
804 2140 882 2193 feret.

278 2214 427 2279 Finieram‚
438 2231 498 2267 curn
508 2218 549 2268 sle
562 2218 706 2285 respondit
714 2233 788 2269 nona
797 2232 932 2278 sororum,

317 2291 364 2342 cui
374 2307 454 2342 coma
464 2296 492 2342 et
500 2299 638 2360 unguento
649 2294 764 2345 sordida
773 2294 857 2344 vestis
868 2297 940 2341 eratx

280 2365 360 2417 'lune
370 2372 449 2432 potes
460 2367 561 2431 dulces,
572 2369 688 2435 ingrate,
699 2368 852 2434 relinquere
863 2364 965 2432 nugaol

317 2440 374 2491 Dic
382 2439 459 2503 mihi,
471 2442 536 2508 quid
547 2444 644 2494 melius
655 2443 812 2494 desidiosus
822 2440 904 2507 agesl

278 2516 321 2568 Au
329 2516 408 2567 iuvat
417 2516 452 2567 ad
462 2518 583 2583 tragicos
593 2534 705 2569 soccum
716 2515 862 2567 transferre
876 2512 1041 2566 cothurnosi

317 2605 418 2657 aspera
431 2592 475 2642 vel
484 2594 596 2658 paribus
606 2593 680 2643 bella
688 2597 786 2642 tonare
796 2590 896 2649 modis,

279 2664 422 2733 praelegat
436 2671 466 2717 ut
476 2668 596 2718 tumidus
606 2682 692 2718 rauca
701 2672 728 2717 te
738 2680 805 2717 voce
816 2669 955 2731 magister,

316 2739 409 2793 oderit
419 2746 447 2791 et
455 2742 566 2808 grandis
578 2744 655 2809 virgo
669 2741 812 2816 bonusque
822 2738 905 2805 pueri
918 2781 962 2798 ,,

278 2813 410 2868 Scribant
418 2816 474 2867 ista
482 2831 578 2883 graves
592 2818 715 2879 nimium,
725 2816 891 2881 nimiumque
903 2818 999 2879 severi,

315 2890 918 2959 quosrncdianriserosnoctelucernavidet.
987 2937 991 2943 .
