2750 3450
439 367 757 414 EPlGRAMMATUM
785 365 852 410 ΜΒ.
882 365 901 410 Ι.
1032 361 1064 412 ²5

363 560 365 563 ,
385 490 428 540 To
437 494 541 540 tantum
551 490 664 555 inspico,
676 489 724 555 qni
733 502 819 538 novus
828 492 950 554 parator,

385 579 420 614 an
429 565 518 629 possit
527 564 587 614 lieri
595 569 672 614 vetos
682 562 797 613 sodalis.

525 670 559 710 oe.
589 667 822 709 instantaneus.

277 744 354 797 Vota
363 744 404 794 tni
413 742 532 795 breviter
542 743 566 794 si
576 744 617 794 vis
628 756 793 809 cognoscere
803 740 901 805 Marci,

242 838 247 843 ·
317 819 420 870 clarum
429 818 555 881 militiae,
564 817 677 879 Fronto,
692 822 827 883 togaeque
838 816 933 866 decos:

278 892 333 945 hoc
342 893 423 958 petits
443 907 504 943 esse
514 892 565 954 sui,
574 906 625 942 nec
634 891 735 957 magni,
745 891 815 941 ruris
826 895 932 952 oraton

316 966 484 1034 sordidaque
492 965 522 1016 in
532 966 623 1032 parvis
636 966 694 1016 otia
704 965 785 1016 rebus
797 969 878 1014 amat.

281 1041 431 1107 Quisquam
441 1041 516 1107 picta
525 1039 593 1092 colit
603 1038 730 1106 Spartani
739 1037 845 1105 frigora
853 1039 924 1102 saxi,

317 1122 344 1166 et
353 1115 514 1166 matutinum
524 1120 616 1180 portat
624 1115 733 1180 ineptus
742 1113 809 1176 Ave,

278 1191 324 1242 cui
334 1190 399 1241 licet
408 1189 512 1241 exuviis
523 1189 641 1240 nemoris
651 1189 777 1254 rurisque
786 1188 868 1238 beato

317 1269 379 1315 ante
388 1262 478 1315 focum
488 1263 583 1330 plenas
593 1263 757 1329 explicuisse
767 1259 880 1329 plagast
945 1268 947 1276 '

277 1345 306 1391 et
315 1339 416 1405 piscem
425 1337 542 1389 tremula
551 1337 693 1389 salientem
703 1336 801 1387 ducere
810 1341 878 1399 seta,

316 1411 440 1479 flavaque
451 1413 484 1463 de
493 1412 575 1463 rubro
586 1427 710 1478 promere
720 1411 803 1462 mella
813 1408 899 1462 codol

278 1486 389 1555 pinguis
398 1487 557 1554 inaequales
567 1490 663 1538 onerat
673 1486 718 1537 cni
727 1486 822 1537 villica
830 1501 947 1548 mensos,

316 1567 344 1612 et
354 1576 403 1613 sna
412 1576 467 1613 non
476 1567 563 1612 emtus
573 1566 722 1627 praeparat
732 1575 785 1612 ova
794 1559 879 1612 cinisi

277 1635 303 1689 N
306 1652 341 1687 on
352 1640 424 1686 amet
433 1633 504 1687 hane
512 1636 605 1698 vitem,
616 1635 741 1702 quisquis
751 1649 858 1687 menon
869 1639 951 1697 amat,
969 1641 1049 1701 opto:

314 1712 390 1763 vivat
398 1715 426 1762 et
434 1709 546 1762 urbanis
556 1709 634 1762 albus
643 1710 673 1761 in
684 1709 791 1762 officiis.

447 1800 450 1808 ¹
533 1818 567 1857 51,
596 1814 635 1856 Ad
650 1826 810 1869 cauponem.

280 1891 424 1943 Continuis
434 1896 533 1942 vexata
541 1890 634 1941 madet
643 1891 781 1942 vindemio
789 1888 897 1940 nimbis.

318 1964 380 2017 Non
389 1971 477 2032 potes,
487 1971 518 2017 ot
527 1964 631 2031 cupias,
640 1965 767 2029 vendere,
778 1979 875 2031 calloo,
886 1978 996 2013 menum.

547 2079 580 2119 58.
606 2077 644 2118 Ad
661 2075 799 2120 Flaccum.

280 2151 405 2215 Qualem,
414 2151 522 2215 Flacce,
533 2151 613 2204 velim
625 2154 743 2219 quaeris,
752 2153 871 2205 nolimve
882 2148 1016 2217 puellam?

317 2225 391 2279 Nolo
400 2227 481 2279 nimis
489 2226 599 2279 facilem
611 2227 802 2294 difficilemque
815 2228 906 2278 ninnis.

277 2302 351 2352 lllnd
370 2301 444 2369 qood
461 2301 577 2352 medium
594 2311 636 2353 est
654 2309 736 2370 atque
757 2304 829 2353 inter
846 2307 988 2367 utrumqne
1006 2315 1069 2365 pro·

316 2449 374 2502 Nee
383 2450 457 2514 volo,
469 2450 541 2516 qnod
553 2452 670 2513 crociat3
691 2466 741 2502 nec
750 2376 913 2517 vkfflqsnod
923 2450 1015 2502 satiat.

519 2574 552 2615 5⁹.
577 2571 615 2615 Dc
631 2573 710 2627 puori
726 2572 828 2626 pretio.

276 2647 372 2701 Millia
382 2663 432 2715 pro
443 2662 528 2715 puero
539 2656 645 2699 centnm
656 2663 698 2698 me
708 2661 807 2715 mango
818 2648 957 2713 poposcit:

315 2724 366 2774 risi
377 2737 444 2789 ego:
464 2723 512 2774 sed
521 2720 649 2774 Phoebus
659 2722 784 2788 protinus
794 2722 844 2772 illa
854 2721 939 2773 dedit.

276 2798 342 2850 Hoc
353 2797 437 2860 dolet,
448 2803 476 2848 et
486 2797 607 2862 queritur
617 2798 650 2848 de
660 2812 703 2847 me
713 2811 773 2847 mea
783 2796 904 2847 mentula
912 2809 1025 2854 mecum,

314 2873 498 2938 laudaturque
508 2887 595 2922 meam
607 2870 732 2922 Phoebus
741 2872 770 2922 in
780 2870 923 2922 invidiam.
