2750 3450
453 352 768 404 BolohhMMhTuoi
793 354 861 401 ΗΒ.
886 355 918 400 ΙΙ.
941 378 943 384 ·
1049 350 1078 404 bi

527 477 562 516 ¹18·
587 471 846 516 Ad‘Caeeilisnum.

287 549 401 604 Aestivo
412 564 503 601 servos
512 550 560 601 ubi
570 550 671 616 piscem
682 555 813 616 tempore,
823 550 947 616 quaeris?

326 625 358 677 ln
367 623 479 676 thermis
490 639 577 686 serva,
589 622 753 687 Caeciliane,
762 625 826 675 tuis.
877 634 879 643 ·

563 714 598 754 19.
622 711 654 753 lu
672 709 810 753 Nasicam.

286 789 393 842 Invitas
403 793 467 838 tune
475 803 527 850 me,
539 803 599 838 oum
609 788 673 851 sois,
683 786 795 851 Nasica,
805 793 940 839 vocatum.

326 863 494 914 Excusatum
504 860 607 915 habeas
616 878 668 925 me,
679 877 762 929 rogo:
783 878 868 915 coeno
880 863 962 915 domi.

567 954 602 993 80.
626 952 666 992 De
682 949 800 993 Fannio.

287 1027 407 1078 Hostem
418 1041 478 1077 cum
488 1024 603 1094 fugeret,
614 1042 643 1078 se
652 1026 774 1077 Fannius
783 1027 843 1092 ipse
852 1028 974 1092 peremit.

326 1100 399 1162 Hoc,
409 1115 487 1167 rogo,
497 1116 553 1152 non
561 1099 638 1153 furor
648 1107 698 1164 ost,
707 1115 742 1151 ne
751 1101 879 1165 moriare,
888 1100 975 1152 uxorii

570 1190 605 1229 81.
630 1184 662 1227 ln
680 1185 798 1229 zoilum.

285 1264 395 1316 Laxior
404 1260 569 1331 hexaphoris
577 1268 626 1313 tua
636 1264 673 1314 sit
681 1262 780 1314 lectica
791 1263 898 1315 lioebit:

326 1339 391 1390 dum
400 1342 491 1390 tamen
501 1335 569 1388 baec
577 1343 626 1388 tna
635 1338 679 1400 sit,
690 1337 776 1401 Zoilo,
790 1338 942 1405 sandapila.

548 1428 582 1467 82.
608 1425 648 1465 Ad
666 1424 821 1469 Ponticum.

285 1503 419 1554 Abscissa
428 1516 534 1553 servum
545 1501 610 1567 quid
620 1500 708 1569 fingis,
719 1500 841 1566 Pontico,
851 1501 962 1570 lingua!

326 1576 424 1629 Nescis
433 1581 464 1627 tn
473 1575 612 1643 populum,
623 1575 698 1642 quod
706 1581 780 1627 tacet
788 1577 845 1641 illo,
859 1576 951 1665 loqui'i

498 1684 532 1724 88.
555 1679 587 1724 In
607 1693 717 1723 saevum
734 1680 869 1723 maritum.

396 1758 529 1811 Foedasti
537 1758 674 1820 misorum,
684 1758 790 1819 marite,
800 1755 956 1809 moechumz

398 1838 426 1885 et
435 1848 473 1897 se,
485 1833 530 1901 qni
540 1832 648 1884 inerant
658 1832 742 1898 prius,
752 1832 894 1897 requirnnt

397 1908 487 1960 trunci
495 1908 606 1959 naribus
618 1906 782 1972 auribusque
791 1906 889 1957 vultus.

399 1982 493 2034 credis
502 1989 530 2033 te
540 1983 607 2032 satis
618 1996 677 2032 esse
687 1978 870 2031 uindicatum!

398 2057 496 2108 Errasz
513 2058 566 2107 iste
576 2060 667 2123 potest
676 2061 704 2107 et
712 2056 853 2106 irrumare.

548 2164 581 2203 ὀί.
604 2159 637 2202 In
655 2158 820 2203 Sertorium.

282 2238 384 2291 Mollis
394 2242 454 2289 erat
461 2236 606 2303 facilisque
616 2238 682 2287 viris
693 2236 841 2288 Poeantius
851 2234 947 2290 heroas

324 2312 439 2364 vulnera
448 2313 489 2363 sio
498 2311 606 2362 Paridis
617 2312 718 2362 dicitnr
726 2311 785 2361 ulta
794 2310 894 2363 Venus.

284 2388 344 2441 Gur
352 2388 442 2455 lingat
451 2401 565 2438 cunnum
577 2384 684 2438 Siculus
695 2384 842 2449 Sertorius,
852 2383 906 2439 hoc
914 2392 970 2438 est:

325 2476 361 2514 ex
371 2459 425 2513 hoe
434 2461 551 2524 nemus,
561 2459 639 2524 Rufe,
648 2460 756 2510 videtin
764 2459 849 2525 Eryx.

561 2568 595 2607 85.
619 2563 660 2605 Aa
678 2564 802 2605 anisum.

281 2641 398 2697 Vimine
408 2641 503 2693 clausa
511 2642 566 2693 levi
575 2642 671 2691 niveae
681 2641 808 2707 custodia
818 2645 925 2706 coptos,

323 2716 379 2770 hoc
387 2716 441 2767 tibi
451 2714 562 2769 Saturni
571 2724 694 2781 tempore
704 2730 801 2767 munus
811 2715 873 2768 erit.

276 2792 363 2841 Dona
374 2791 450 2854 qnod
456 2791 572 2841 aestatis
580 2791 645 2844 misi
654 2792 710 2846 tibi
719 2810 816 2849 menso
824 2794 986 2850 Deoexnbxh

301 2861 332 2908 Ἰ
339 2863 470 2926 qvefffl'l,
483 2878 578 2917 rusam
590 2874 623 2921 tu
632 2869 708 2927 mihi
717 2877 803 2932 mitte
813 2882 936 2951 togam.
