2750 3450
380 352 431 405 316
673 354 888 402 maurianis

382 486 418 543 et,
428 476 519 546 Rogat
528 483 559 529 ut
569 493 667 529 coenes
677 495 769 530 secum
779 477 937 540 Laetorius,
947 479 1048 544 inquit.

421 551 525 621 Viginti
536 554 652 604 nummis
661 568 718 604 non
728 569 779 620 ego
790 552 864 603 malo
874 551 992 602 famem!

384 627 464 690 Quod
474 629 512 678 sit
522 643 608 679 coena
616 625 693 690 mibi,
702 628 755 678 tibi
764 629 801 677 sit
811 628 955 693 provincia
965 644 1077 692 merres,

420 709 448 753 et
457 701 591 754 iaciamus
600 702 683 765 idem,
692 718 744 753 nec
753 717 906 753 mereamur
914 702 1000 753 idem.

665 809 701 850 nt.
724 805 757 849 In
775 806 894 850 Senin.

491 902 512 954 Α
523 901 677 953 latronibus
687 916 747 952 esse
756 907 784 952 te
793 899 910 951 fututam

491 977 570 1040 dieis,
581 974 677 1028 Senia:
693 975 742 1027 sed
751 981 853 1043 negant
862 975 993 1026 inmunes.

661 1084 697 1123 28.
720 1081 752 1123 ln
772 1080 894 1122 cinon.

383 1176 454 1227 Poto
466 1190 516 1242 ego
527 1180 679 1226 sextantesr
695 1179 826 1241 tupotas‚
836 1173 932 1237 Cinna,
943 1174 1077 1226 deunees:

420 1257 447 1302 et
457 1251 578 1318 quereris
590 1250 664 1316 quod
674 1265 740 1313 non,
750 1248 846 1313 Cinna,
859 1249 988 1301 bibamus
996 1249 1080 1300 idern.

588 1357 622 1397 29-
647 1354 687 1397 De
707 1355 883 1406 Hermogene
902 1354 974 1397 fure.

382 1447 570 1515 Hermogenes
579 1452 671 1498 tantun
680 1463 851 1516 mapparum,
862 1447 987 1512 Pontice,
996 1447 1041 1499 fur
1051 1458 1102 1509 est,

420 1528 536 1590 quantus
546 1538 717 1574 nummorum
727 1525 783 1587 rix,
793 1528 871 1589 puto,
880 1521 977 1574 Massa
985 1523 1048 1574 fuit.

382 1599 426 1649 Tu
435 1598 500 1649 licet
511 1597 638 1649 observes
649 1598 784 1662 dextram,
793 1603 942 1665 teneasque
951 1599 1108 1654 sinistram:

418 1673 547 1736 inveniet,
558 1687 685 1741 mappam
696 1689 751 1742 qua
760 1673 868 1726 ratione
878 1670 980 1724 trahat.

383 1749 513 1801 Cervinus
524 1748 643 1816 gelidum
654 1750 750 1801 sorbet
758 1750 800 1801 sie
809 1747 911 1799 halitus
922 1763 1053 1815 anguem:

421 1839 533 1875 casuras
544 1823 598 1875 alte
609 1825 650 1876 sic
659 1825 734 1890 rapit
743 1824 794 1875 lris
806 1839 900 1891 aquas.

382 1898 477 1965 Nuper
487 1915 546 1950 cum
556 1898 667 1966 Myrino
680 1905 819 1966 peteretur
828 1898 923 1949 missio
934 1897 1027 1948 laeso:

421 1975 550 2024 subduxit
560 1989 674 2041 mappas
685 1980 803 2040 quatuor
813 1972 1011 2039 Hermogenes.

287 2085 291 2106 ,
384 2047 521 2099 Cretatam
530 2055 642 2115 praetor
653 2065 713 2099 cum
723 2048 806 2101 vellet
815 2049 921 2098 mittere
930 2062 1076 2113 mappam3

420 2124 541 2189 praetori
551 2139 678 2189 mappam
689 2125 796 2190 surpuit
805 2122 1003 2188 Hermogenes.

382 2198 518 2248 Attulerat
527 2213 653 2264 mappam
663 2213 754 2261 nemo,
765 2198 827 2249 dum
838 2197 911 2247 furta
920 2198 1067 2247 timentur:

421 2273 532 2324 mantile
542 2288 557 2323 e
568 2288 662 2324 mensa
672 2274 778 2339 stupuit
788 2273 984 2338 Hermogenes.

383 2346 446 2398 Hoc
457 2346 564 2414 quoque
575 2347 600 2398 si
612 2348 712 2399 deerit:
730 2349 836 2399 medius
846 2347 999 2412 discingere
1010 2345 1111 2411 lectos,

421 2437 627 2489 mensarumque
638 2423 721 2489 pedes
732 2439 787 2474 non
796 2423 875 2473 timet
886 2420 1089 2488 Hermogenes.

385 2495 514 2557 Quamvis
524 2512 580 2548 non
590 2498 701 2549 modico
713 2498 821 2549 caleant
829 2494 988 2563 spectacula
998 2488 1080 2548 Sole:

421 2571 482 2621 vela
491 2572 664 2635 reducuntur,
675 2588 736 2623 curn
745 2574 820 2624 venit
829 2571 1027 2637 Hermogenes.

383 2644 526 2696 Festinant
534 2647 635 2712 trepidi
643 2647 827 2714 substringere
838 2646 953 2697 carbasa
963 2652 1077 2709 nautae,

422 2720 458 2770 nd
468 2726 574 2785 portum
587 2722 695 2787 quoties
706 2723 797 2787 paruit
806 2722 1003 2787 Hermogenes.

356 2803 360 2809 ⁴
411 2793 417 2807 ⁸
428 2847 431 2852 ,
441 2794 508 2861 'geri
518 2794 627 2862 fugiunt
637 2796 717 2860 calvi,
728 2797 893 2863 sistrataque
903 2794 995 2860 turba,

309 2792 492 2973 ῴτ
502 2869 650 2923 adorantes
661 2886 722 2922 oum
735 2872 813 2922 stetit
821 2871 1017 2936 Hermogenes.
