2750 3450
443 393 494 444 214
734 394 950 441 Manalams

534 528 626 580 nullos
637 527 753 595 denique
762 543 811 594 per
821 528 888 579 deos
898 528 1018 594 deaeque

536 605 610 654 iurat
621 601 725 653 Gellia:
745 603 793 653 aed
803 618 851 669 per
859 603 984 654 uniones.

536 676 596 729 Hae
607 677 776 743 amplecitur,
787 674 838 727 hos
849 676 1038 729 deosculatur:

535 750 587 804 hoa
598 751 698 803 iratres
707 757 797 814 vocat,
807 756 835 802 et
843 756 926 803 vocat
935 765 1060 804 sorores:

534 820 587 879 hoe
597 827 670 877 natis
684 830 758 876 amat
767 826 857 877 aerina
867 825 983 877 duobus.

535 901 588 953 Hie
598 902 623 952 ai
633 916 687 968 quo
699 906 792 952 eareat
801 899 909 950 misella
919 915 994 963 caan,

535 977 669 1028 victuram
679 980 763 1043 negat
771 990 831 1026 ease
842 989 871 1025 ae
881 973 1046 1026 nechoram.

534 1048 612 1101 Eheu
623 1065 704 1116 quam
713 1050 783 1101 bene
792 1065 871 1112 nune,
881 1048 1040 1116 Papiriano,

535 1125 641 1176 Annaei
649 1123 753 1176 faceret
761 1139 858 1174 manua
868 1122 976 1176 Sereni!

681 1248 717 1288 82.
743 1244 781 1286 Ad
800 1243 998 1289 Domitianum.

445 1341 537 1394 Dante
545 1339 598 1391 tibi
606 1338 688 1391 turba
698 1341 836 1406 querulos,
845 1340 974 1407 Auguste,
984 1340 1106 1405 libellos,

483 1431 535 1468 noa
545 1429 661 1481 quoque,
673 1415 720 1482 qui
730 1415 843 1467 domino
854 1415 977 1466 earmina
985 1429 1073 1481 parve
1081 1415 1160 1468 damu

446 1505 529 1559 poaaa
541 1488 620 1541 deum
629 1489 710 1542 rebus
719 1491 824 1557 pariter
833 1489 976 1556 Musisque
987 1505 1088 1542 vacare
1100 1546 1103 1552 ,

484 1564 593 1627 ecimus,
608 1569 636 1615 et
648 1561 717 1616 haee
726 1566 810 1616 etiam
819 1569 893 1616 aerta
902 1564 1011 1630 plaeere
1020 1565 1083 1616 tibi.

446 1639 501 1693 Fer
507 1644 593 1704 vates,
603 1639 732 1707 Auguste,
745 1646 821 1692 tuoe:
836 1654 888 1691 noa
897 1638 989 1707 gloria
998 1639 1098 1704 dulcia,

483 1730 535 1768 noa
544 1720 593 1766 tua
602 1729 667 1766 eura
677 1715 756 1782 prior
764 1712 935 1782 deliciaeque
948 1730 1050 1766 eumue.

447 1787 510 1843 Non
520 1804 635 1856 quereus
644 1793 672 1840 te
681 1790 744 1842 sola
753 1790 841 1854 deaei,
850 1804 902 1840 nee
910 1789 1006 1840 laurea
1015 1788 1136 1843 Phoebie

484 1864 534 1915 fiat
543 1868 571 1915 et
580 1878 614 1915 ex
623 1862 707 1917 edera
716 1864 805 1918 civica
813 1869 909 1917 nestra
917 1863 979 1916 tibi.
