2750 3450
441 343 759 391 EPlGllAMMATUM
786 343 855 389 MB-
872 342 916 389 lu·
1036 340 1068 390 45

551 465 571 504 8.
597 461 635 504 Ad
654 459 797 504 lectorem.

277 538 309 592 Si
321 553 376 607 qua
385 538 548 590 videbuntur
560 537 661 590 chartis
670 539 730 601 tibi,
741 538 837 601 lector,
846 539 875 589 in
884 539 946 590 istis

316 615 375 666 sive
386 613 502 665 obscura
512 613 602 675 nimis,
617 613 674 663 sive
683 611 785 665 Latina
795 628 902 678 parum:

276 704 335 740 non
345 704 421 739 meus
431 695 473 739 est
482 703 570 739 error:
590 688 684 739 nocuit
698 686 827 738 librarius
835 687 902 750 illis,

317 763 381 814 dum
392 768 522 829 properat
532 776 625 814 versus
636 776 813 813 annumerare
821 762 881 814 tibi.

281 837 389 899 Quodsi
399 853 453 888 non
463 837 550 899 illurn,
564 835 613 886 sed
622 851 665 886 me
674 850 803 902 peccosse
813 836 930 902 putabis,

316 917 382 962 tunc
392 927 442 979 ego
452 917 480 962 te
491 910 599 962 credam
610 910 703 961 cordis
713 909 812 961 habere
820 909 898 960 nihil.

279 986 338 1037 ista
347 992 438 1037 tamen
446 987 520 1036 mals
529 990 599 1036 sunt.
620 983 1070 1051 ouaeinosmanifestanegsmun

317 1059 552 1122 haecmslasunt3
573 1059 620 1110 sed
634 1064 729 1110 tunon
738 1059 853 1110 meliora
861 1059 940 1111 iacis.

561 1183 581 1224 a.
605 1181 645 1224 Do
663 1178 778 1222 Noeris.

280 1258 394 1324 Scripsi,
406 1257 546 1324 rescripsit
554 1258 594 1308 nil
604 1256 722 1308 Naevia:
736 1272 791 1307 non
802 1256 879 1309 dabit
889 1270 964 1323 ergo.
981 1239 994 1264 ⁸

318 1331 373 1384 Sed
384 1338 459 1399 puto,
470 1332 544 1399 quod
554 1333 660 1398 scripsi,
671 1332 787 1400 legerat:
807 1345 872 1400 ergo
883 1331 968 1383 dabit.

526 1447 559 1486 1⁰.
582 1441 615 1486 In
637 1443 825 1486 Posthunuru.

280 1522 367 1574 Basia
376 1521 491 1572 dimidio
502 1520 575 1587 quod
585 1520 635 1571 das
644 1518 721 1583 rnihi,
731 1519 887 1583 Posthume,
899 1520 989 1582 labro,

317 1596 416 1647 laudo:
435 1596 502 1646 licet
512 1595 604 1646 demas
613 1593 677 1645 hinc
688 1610 796 1662 quoque
810 1595 962 1646 dimidium.

282 1671 331 1725 Vis
342 1671 407 1723 dare
417 1671 505 1720 maius
516 1668 613 1734 adhuc,
624 1674 651 1720 et
660 1669 843 1720 inenarrabile
852 1668 965 1721 munnsl

318 1747 382 1798 Hoc
390 1747 442 1798 tibi
452 1744 522 1796 habe
531 1752 629 1807 totum,
639 1743 795 1808 posthume,
806 1745 957 1796 diuddium.

498 1859 530 1898 ii.
553 1855 593 1896 Ad
608 1854 706 1897 Rufum
726 1855 758 1897 de
773 1853 859 1896 Solio.

358 1932 439 1994 erod
449 1932 538 1984 fronte
550 1930 652 1983 Selium
662 1931 758 1983 nubila
766 1931 852 1995 vides,
862 1928 941 1994 Rufe,

263 2003 270 2018 ‘
355 2009 430 2075 quod
440 2007 594 2059 ambulator
604 2006 738 2073 porticum
744 2006 813 2058 'terit
822 2022 911 2068 serus3

355 2084 469 2151 lugubre
480 2082 609 2149 quiddam
620 2082 694 2149 quod
703 2087 777 2133 tacet
784 2082 863 2151 piger
871 2081 974 2142 vultus3

356 2158 430 2225 quod
440 2172 525 2223 paene
535 2162 635 2208 terram
646 2158 736 2225 tangit
744 2157 871 2208 indecens
881 2170 978 2217 nasus3

356 2233 430 2300 quod
441 2233 536 2283 dextra
545 2237 639 2298 pectus
649 2232 749 2298 pulsat,
760 2237 787 2283 et
797 2247 902 2283 comam
913 2230 1002 2282 vellit·

355 2323 411 2358 non
419 2307 468 2358 ille
479 2307 559 2358 amici
570 2305 628 2357 fata
637 2307 720 2374 luget,
732 2312 779 2358 aut
787 2306 892 2358 fratrisl

357 2388 469 2449 uterque
480 2387 559 2433 natus
569 2382 645 2445 vivit,
656 2388 683 2432 et
692 2395 790 2448 precor
798 2381 887 2450 vivat:

356 2457 434 2508 salva
444 2461 486 2508 est
495 2463 522 2507 ct
530 2470 609 2519 uxor,
620 2456 806 2522 sarcinaeque,
817 2456 955 2521 servique:

356 2530 425 2581 nihil
436 2531 559 2594 colonus,
569 2530 731 2597 villiousque
741 2529 859 2581 decoxit.

356 2604 494 2658 Moeroris
502 2605 588 2672 igitur
597 2619 681 2656 causa
692 2602 777 2670 quasi
799 2602 885 2655 Domi
894 2605 999 2654 coenat.

536 2714 570 2752 12.
594 2708 625 2751 ln
638 2706 826 2751 Porticanus.

281 2788 354 2841 Esse
365 2788 430 2853 quid
440 2784 494 2838 hoc
503 2788 602 2850 dicam,
613 2784 687 2852 quod
698 2784 772 2835 olent
780 2789 829 2835 tna
837 2784 917 2834 basin
929 2778 1078 2848 myrrham,

322 2862 450 2931 quodque
460 2861 513 2914 tibi
522 2868 564 2913 est
573 2874 711 2928 nunquam
719 2874 775 2912 non
785 2859 890 2911 alienu
900 2853 986 2936 odori
1053 2887 1107 3043 Ι
