2750 3450
474 437 789 485 Enionnmmnnuu
815 436 884 483 [ΑΒ.
907 437 938 484 11.
1070 435 1102 486 53

569 561 603 599 43.
627 556 658 598 ln
683 555 845 597 Candidum.

313 623 443 688 Candide,
453 619 527 671 noue
536 621 699 683 eitonheec
708 629 835 686 snnttnn,
847 623 977 689 Candide,
989 619 1085 681 πάντα,

350 713 419 765 quae
429 703 462 749 tu
470 699 661 767 magniloquus
671 705 752 750 nocte
763 699 858 765 dieque
868 714 960 750 sonas.

312 774 352 824 Te
361 771 582 825 Lacedaemonio
593 773 667 824 velat
678 779 748 840 toga
757 773 816 824 lota
829 771 939 837 Gelono,

348 847 391 898 vel
403 862 484 914 quam
494 848 616 914 seposito
628 848 661 899 de
671 862 754 915 grege
763 847 863 898 Parma
873 847 960 900 dedite

313 927 341 972 at
350 936 394 972 me
404 938 473 989 qnae
482 938 566 988 passa
577 929 618 972 est
625 921 714 972 furias
724 927 751 972 et
764 937 866 973 cornua
874 923 956 985 tauri,

347 995 468 1047 noluerit
478 997 535 1047 dici
545 1011 625 1063 quam
635 996 693 1062 pila
702 997 791 1062 prima
800 1011 885 1047 suam.

311 1069 390 1121 Misit
399 1071 554 1138 Agenoreas
565 1070 662 1121 Cadmi
670 1070 722 1121 tibi
731 1077 806 1121 terra
814 1070 951 1122 lacernas:

348 1160 404 1195 non
414 1146 514 1197 vendes
524 1146 640 1196 nummis
652 1147 764 1196 coccina
773 1150 868 1196 nostra
875 1145 973 1197 tribus.

311 1219 355 1268 'l'u
364 1217 488 1285 Libycos
498 1219 572 1270 Indis
583 1220 726 1285 suspendis
736 1219 862 1271 dentibus
873 1220 967 1272 orbes:

347 1291 460 1344 fidcitur
468 1299 540 1344 testa
548 1292 644 1360 fagina
652 1309 746 1344 mensa
754 1291 829 1344 mihi.

313 1366 456 1418 immodici
465 1369 518 1418 tibi
528 1367 598 1418 ssave
607 1373 702 1435 tegunt
712 1366 892 1434 chrysendeta
901 1369 992 1420 mulli:

349 1441 480 1493 concolor
488 1443 517 1492 in
527 1448 630 1505 nostra,
642 1458 786 1505 cammaro,
796 1442 874 1494 lance
884 1442 973 1494 robes.

313 1514 386 1566 Grex
394 1526 458 1568 tuus
468 1516 554 1567 Iliaco
565 1522 788 1583 poterateertare
799 1517 928 1569 cinaedo:

349 1596 379 1642 at
386 1589 455 1641 mihi
464 1592 597 1642 succurrit
606 1606 656 1657 pro
667 1590 825 1658 Ganymede
835 1607 939 1643 manns.

313 1664 353 1715 Er
364 1666 462 1733 opibus
471 1666 556 1717 tantis
566 1668 651 1718 veteri
661 1666 771 1733 fidoque
781 1666 872 1717 sodali

347 1740 398 1792 dae
407 1739 485 1805 nihil,
495 1746 523 1793 et
532 1742 610 1805 diois,
622 1741 753 1804 Candide,
764 1736 838 1788 κοινὰ
848 1737 948 1798 otton!

590 1833 623 1871 44-
648 1828 679 1870 Ιιι
699 1826 822 1871 Sextum.

421 1892 483 1946 Emi
493 1911 541 1947 seu
551 1911 672 1963 puerum,
682 1901 809 1962 togamve
819 1910 925 1961 pexam,

423 1984 470 2019 seu
479 1975 544 2033 tres,
554 1975 584 2021 ut
593 1975 668 2036 puto,
681 1978 831 2037 quatuorve
841 1970 940 2021 libras:

421 2042 518 2096 Sextus
529 2046 653 2111 protinus
663 2044 711 2095 ille
721 2043 886 2107 foenerator,

420 2133 498 2185 quem
509 2120 596 2171 nostis
606 2125 723 2170 veterem
734 2134 822 2169 meum
832 2119 964 2182 sodalem,

419 2207 453 2243 ne
464 2193 530 2260 quid
539 2193 611 2244 forte
622 2199 720 2260 petam,
730 2194 808 2244 timet
818 2201 962 2259 oavetqne3

420 2272 556 2330 eteoclem,
567 2268 615 2319 sed
624 2273 655 2318 nt
665 2259 785 2329 audiam,
796 2275 930 2319 susurrat:

421 2348 523 2407 septem
533 2342 622 2392 millia
632 2342 719 2393 debeo
730 2341 869 2404 Secund03

419 2410 531 2467 Phoebo
549 2422 678 2483 quatuor3
699 2416 824 2467 undecim
835 2415 956 2477 Philet03

421 2497 449 2541 et
458 2492 594 2557 quadrans
604 2489 669 2541 mihi
681 2490 772 2541 nullus
785 2496 827 2541 est
836 2491 865 2540 in
879 2506 952 2540 arca.

420 2563 443 2614 0
454 2566 557 2631 grande
565 2566 704 2631 ingenium
714 2565 770 2614 mei
782 2563 900 2615 sodalis!

419 2638 524 2690 Durum
535 2644 584 2701 est,
596 2637 688 2701 Sexte,
697 2653 806 2705 negare,
818 2654 876 2689 cnm
887 2639 1010 2705 rogarist

420 2720 524 2780 quanto
535 2713 637 2779 dun'us,
649 2719 799 2785 antequam
807 2710 935 2785 rogerisi

291 2862 369 2920 θυαε
378 2864 432 2914 nbi
438 2882 497 2918 non
506 2807 616 2941 standai,
628 2804 776 2949 §1¹:25AE
782 2813 1000 2939 gauterium,
1009 2868 1146 2933 ffiwe'

308 2932 435 2988 Demens
447 2956 510 2995 cum
521 2946 605 3006 ferro
619 2958 698 3028 quid
709 2961 793 3018 ubit
817 2962 938 3018 Gaiius
951 2966 1040 3007 eras·
