2750 3450
646 344 857 391 maurianis

451 473 481 515 ut
492 465 616 515 convivia
625 467 818 527 sumtuosiura,

451 548 511 589 tutu
523 555 591 604 quac
601 541 683 590 semel
694 556 810 606 apparas
819 541 847 590 in
858 555 940 602 annu,

451 615 544 680 nigrae
554 613 681 664 sordibus
691 615 810 680 explices
820 623 958 675 munetae;

452 695 479 738 et
488 695 590 753 septem
600 696 704 738 veteres
714 688 754 738 tui
763 688 871 738 sodales

452 770 605 812 constemus
615 763 664 811 tibi
675 762 802 828 plumbea
810 762 919 812 selibra.

454 835 526 896 Quid
536 837 645 902 dignum
656 837 760 886 meritis
770 851 908 902 precemur
916 837 996 887 istis!

452 910 583 977 Optamus
592 911 643 960 tibi
654 911 762 973 millies,
778 910 885 960 Calene.

453 985 514 1036 Hoc
523 985 548 1035 si
558 986 713 1052 contigerit,
723 983 795 1036 fame
807 985 918 1050 peribis·

597 1092 643 1130 101.
668 1089 708 1130 De
723 1088 792 1132 dira
806 1088 909 1132 vetule.

362 1165 495 1214 illummas
506 1168 586 1230 atque
595 1168 669 1214 tatas
679 1161 847 1216 habetdira:
866 1164 914 1216 sed
923 1165 986 1231 ipsa
995 1169 1117 1218 utinm

398 1239 451 1289 dici
463 1245 490 1288 et
499 1252 675 1288 mammarum
685 1240 804 1289 murima
814 1254 930 1289 mamma
940 1246 1041 1306 potest

616 1328 662 1366 102
692 1326 729 1367 De
746 1326 895 1367 Demetrin.

362 1403 413 1452 llla
423 1416 518 1452 manus
528 1400 664 1467 quondam
675 1401 826 1452 studiorum
838 1401 893 1452 lida
902 1417 1034 1465 meorum,

399 1485 425 1526 et
435 1474 501 1525 ielis
512 1474 633 1537 domino,
644 1482 763 1542 notaque
773 1475 944 1537 Caesaribus,

363 1550 487 1601 destituit
495 1550 599 1615 primos
608 1550 709 1601 vin'des
719 1550 872 1600 Demetrius
887 1565 986 1609 aurius:

399 1631 497 1691 quarta
506 1624 592 1674 tribus
602 1624 696 1674 lustris
706 1624 801 1675 addita
810 1625 906 1674 messis
920 1618 987 1674 ciat.

362 1699 386 1750 N
389 1715 403 1750 e
414 1705 504 1749 tamen
514 1698 549 1750 ad
560 1697 670 1767 Stygias
679 1697 797 1751 famulus
807 1697 982 1750 descenderet
995 1701 1117 1764 umbras,

400 1781 490 1825 ureret
498 1774 660 1840 implicitum
671 1791 731 1825 cum
741 1775 874 1827 scelerata
882 1774 950 1836 lues,

362 1850 496 1911 cavimus3
515 1856 543 1899 et
552 1848 654 1900 domini
665 1849 708 1900 ius
720 1865 798 1900 omne
808 1849 960 1899 remisimus
971 1863 1071 1916 aegro:

399 1938 509 1975 munere
519 1924 616 1990 dignus
625 1933 685 1974 erat
695 1923 865 1975 convaluisse
876 1937 945 1974 meo.

363 1996 455 2050 Sensit
463 1998 591 2049 deficiens
601 2012 652 2048 rua
661 1999 792 2064 praemia,
802 2012 897 2064 meque
906 2005 1052 2064 patronum

400 2074 479 2137 dixit,
490 2073 526 2124 ad
534 2070 656 2122 infernas
665 2073 734 2122 liber
743 2073 830 2123 iturus
844 2088 937 2141 aquas.

633 2162 679 2201 103.
704 2157 744 2201 Ad
759 2161 893 2213 Lycorin.

456 2235 510 2296 Qui
519 2234 608 2301 pinxit
617 2234 748 2287 Venerem
757 2243 841 2300 tuam,
851 2237 962 2303 Lycuri,

455 2310 600 2373 blanditus,
609 2317 686 2377 puto,
701 2311 791 2378 pictor
801 2318 842 2363 est
850 2312 998 2362 Minervae.

610 2402 657 2440 101.
682 2399 722 2441 Ar
737 2398 906 2443 strenuius.

364 2471 393 2523 Si
404 2472 528 2523 dederint
537 2477 628 2541 superi
638 2475 729 2526 decies
738 2474 806 2527 mihi
815 2475 902 2526 millia
914 2480 1031 2538 centum,

402 2546 510 2598 dicebat
518 2550 637 2600 nendum
649 2548 783 2602 Scaevola
794 2550 883 2601 facus
892 2563 988 2615 eques3

364 2620 481 2685 qualiter
492 2640 507 2672 υ
517 2624 616 2688 vivam,
626 2639 707 2691 quam
717 2625 802 2692 large,
812 2637 945 2691 quemque
954 2621 1049 2675 beatel

401 2694 527 2745 Riserunt
536 2696 642 2761 faciles,
653 2707 680 2749 et
687 2700 808 2750 tribuere
821 2699 874 2749 dei.

364 2767 511 2819 Sordidior
520 2772 604 2823 multo
616 2779 679 2839 post
687 2771 824 2840 hectoga
834 2772 951 2839 paenula
959 2773 1054 2839 pelori

402 2843 508 2894 calceus
519 2854 561 2895 est
570 2855 646 2900 sarta
655 2855 750 2915 terque
759 2855 906 2915 uuaterque
916 2853 990 2904 curet
