2750 3450
640 381 856 428 MARTlauls

609 503 643 544 96.
667 501 702 543 ln
722 500 889 553 Gargilium.

447 596 553 662 Lingis,
564 609 619 645 nun
629 593 713 644 futuis
723 610 809 645 meam
820 595 957 661 puellam:

447 678 475 722 et
484 671 573 738 garris
584 669 663 735 quasi
672 667 801 720 moechus
811 676 838 720 et
848 668 967 721 fututor.

446 745 476 797 Si
486 752 513 795 te
524 744 665 810 prendere,
679 743 795 810 Gargili,
806 744 921 795 tacebis.

638 869 673 908 bt.
698 865 737 905 Ati
757 865 864 905 Rufum.

355 962 395 1014 Ne
405 963 480 1029 legat
490 959 560 1011 hunc
572 957 685 1021 Chione,
699 958 798 1009 maudo
809 958 869 1020 tibi,
880 957 961 1022 Rufe,
974 961 1114 1013 libellum.

392 1038 518 1088 Carmine
528 1036 605 1085 laesa
614 1049 675 1084 meo
686 1040 741 1095 est3
760 1032 868 1084 laedere
879 1040 907 1084 et
915 1034 969 1085 illa
980 1043 1087 1102 potest.

620 1159 654 1199 98.
677 1154 709 1196 ln
728 1152 880 1217 Sabellum.

448 1251 490 1303 Sit
501 1251 576 1302 culus
587 1250 637 1300 tibi
649 1264 729 1315 quam
740 1263 839 1310 macer,
849 1250 986 1315 requiriri

446 1326 596 1377 Paedicare
606 1331 694 1391 potes,
706 1322 824 1386 Sabelle,
836 1322 907 1374 culo.

616 1448 649 1489 99.
674 1444 714 1486 Ad
734 1444 886 1487 cerdonem.

354 1542 439 1592 Irasci
450 1544 544 1591 nostro
556 1555 610 1591 non
622 1539 712 1601 debes,
724 1538 815 1600 cerdo,
825 1538 930 1589 libello.

391 1617 441 1666 Ars
452 1621 508 1677 tua,
518 1630 573 1664 non
585 1615 642 1664 vita
652 1619 702 1676 est,
713 1614 832 1664 carmine
842 1613 920 1664 laesa
929 1630 1003 1667 meo.

355 1691 491 1743 Innocuos
502 1690 627 1756 permitte
637 1689 717 1740 sales.
740 1686 793 1739 Cur
802 1687 895 1739 ludere
905 1689 988 1742 nobir

392 1783 447 1817 non
457 1767 548 1828 liceat,
558 1766 637 1815 licuit
645 1766 670 1815 si
678 1764 803 1831 iugulare
813 1762 881 1813 tibii

629 1890 677 1927 10⁰.
701 1884 741 1926 Ad
762 1885 869 1927 Rufum.

356 1985 501 2034 Cursorem
514 1986 592 2032 sexta
601 1979 661 2041 tibi,
672 1977 750 2041 Rufe,
761 1979 916 2029 remisimus
927 1978 1008 2044 hora,

395 2059 516 2110 carmina
527 2071 604 2121 quem
616 2053 754 2104 madidum
765 2060 859 2105 nostra
868 2054 966 2106 tulisse
976 2071 1052 2109 reor.

355 2134 490 2183 Imbribus
501 2129 656 2180 immodicis
668 2128 773 2177 coelum
788 2145 851 2179 nam
861 2128 933 2181 forte
942 2130 1054 2185 ruebat·
1115 2143 1119 2156 '

392 2206 416 2259 N
420 2224 455 2258 un
466 2205 546 2255 aliter
555 2204 627 2254 mitti
638 2202 732 2253 debuit
740 2203 794 2255 iste
802 2204 879 2256 liber.
