<?xml version="1.0" encoding="UTF-8"?>
<!DOCTYPE html PUBLIC "-//W3C//DTD XHTML 1.0 Transitional//EN"
    "http://www.w3.org/TR/xhtml1/DTD/xhtml1-transitional.dtd">
<html xmlns="http://www.w3.org/1999/xhtml" xml:lang="en" lang="en">
 <head>
  <title>
</title>
<meta http-equiv="Content-Type" content="text/html;charset=utf-8" />
  <meta name='ocr-system' content='tesseract 3.04.00' />
  <meta name='ocr-capabilities' content='ocr_page ocr_carea ocr_par ocr_line ocrx_word'/>
</head>
<body>
  <div class='ocr_page' id='page_1' title='image "./mvaleriimartial03martgoog_0412.png"; bbox 0 0 2750 3450; ppageno 0'>
   <div class='ocr_carea' id='block_1_1' title="bbox 506 363 1095 422">
    <p class='ocr_par' dir='ltr' id='par_1_1' title="bbox 506 363 1095 422">
     <span class='ocr_line' id='line_1_1' title="bbox 506 363 1095 422; baseline 0.017 -11"><span class='ocrx_word' id='word_1_1' title='bbox 506 367 546 414; x_wconf 86' lang='grc' dir='ltr'><strong>ΙΝ</strong></span> <span class='ocrx_word' id='word_1_2' title='bbox 568 363 738 415; x_wconf 82' lang='lat' dir='ltr'><strong>PRlAPUlll</strong></span> <span class='ocrx_word' id='word_1_3' title='bbox 754 370 883 417; x_wconf 79' lang='lat' dir='ltr'><strong>LUSUS·</strong></span> <span class='ocrx_word' id='word_1_4' title='bbox 1045 370 1095 422; x_wconf 70' lang='lat'><strong>4⁰3</strong></span> 
     </span>
    </p>
   </div>
   <div class='ocr_carea' id='block_1_2' title="bbox 247 483 1032 1768">
    <p class='ocr_par' dir='ltr' id='par_1_2' title="bbox 247 483 1032 1768">
     <span class='ocr_line' id='line_1_2' title="bbox 391 483 1010 551; baseline 0.006 -16"><span class='ocrx_word' id='word_1_5' title='bbox 391 483 427 534; x_wconf 78' lang='lat' dir='ltr'><strong>ad</strong></span> <span class='ocrx_word' id='word_1_6' title='bbox 436 499 487 536; x_wconf 79' lang='lat' dir='ltr'><strong>nos</strong></span> <span class='ocrx_word' id='word_1_7' title='bbox 496 485 596 549; x_wconf 88' lang='lat' dir='ltr'><strong>venire,</strong></span> <span class='ocrx_word' id='word_1_8' title='bbox 606 502 677 537; x_wconf 84' lang='lat' dir='ltr'><strong>nuno</strong></span> <span class='ocrx_word' id='word_1_9' title='bbox 686 487 794 537; x_wconf 77' lang='lat' dir='ltr'><strong>misella</strong></span> <span class='ocrx_word' id='word_1_10' title='bbox 802 485 932 540; x_wconf 84' lang='lat' dir='ltr'><strong>Landace</strong></span> <span class='ocrx_word' id='word_1_11' title='bbox 1007 545 1010 551; x_wconf 25' lang='grc' dir='ltr'>Ι</span> 
     </span>
     <span class='ocr_line' id='line_1_3' title="bbox 390 560 940 627; baseline 0.007 -17"><span class='ocrx_word' id='word_1_12' title='bbox 390 560 437 610; x_wconf 85' lang='lat' dir='ltr'><strong>vix</strong></span> <span class='ocrx_word' id='word_1_13' title='bbox 447 575 528 625; x_wconf 81' lang='lat' dir='ltr'><strong>posse</strong></span> <span class='ocrx_word' id='word_1_14' title='bbox 537 561 612 612; x_wconf 82' lang='lat' dir='ltr'><strong>iurat</strong></span> <span class='ocrx_word' id='word_1_15' title='bbox 621 561 761 612; x_wconf 80' lang='lat' dir='ltr'><strong>ambulare</strong></span> <span class='ocrx_word' id='word_1_16' title='bbox 772 577 837 627; x_wconf 86' lang='lat' dir='ltr'><strong>prae</strong></span> <span class='ocrx_word' id='word_1_17' title='bbox 847 560 940 614; x_wconf 74' lang='lat' dir='ltr'><strong>fossis.</strong></span> 
     </span>
     <span class='ocr_line' id='line_1_4' title="bbox 564 650 830 703; baseline 0.011 -14"><span class='ocrx_word' id='word_1_18' title='bbox 564 651 598 690; x_wconf 76' lang='lat' dir='ltr'><strong>w.</strong></span> <span class='ocrx_word' id='word_1_19' title='bbox 623 650 663 690; x_wconf 68' lang='lat' dir='ltr'><strong>cil</strong></span> <span class='ocrx_word' id='word_1_20' title='bbox 687 650 830 703; x_wconf 71' lang='lat' dir='ltr'><strong>Priapum.</strong></span> 
     </span>
     <span class='ocr_line' id='line_1_5' title="bbox 388 714 950 786; baseline 0.012 -21"><span class='ocrx_word' id='word_1_21' title='bbox 388 714 497 782; x_wconf 72' lang='lat' dir='ltr'><strong>P1iape,</strong></span> <span class='ocrx_word' id='word_1_22' title='bbox 508 718 581 783; x_wconf 87' lang='lat' dir='ltr'><strong>quod</strong></span> <span class='ocrx_word' id='word_1_23' title='bbox 592 719 631 769; x_wconf 75' lang='lat' dir='ltr'><strong>sio</strong></span> <span class='ocrx_word' id='word_1_24' title='bbox 641 717 748 770; x_wconf 81' lang='lat' dir='ltr'><strong>fascino</strong></span> <span class='ocrx_word' id='word_1_25' title='bbox 758 720 852 786; x_wconf 82' lang='lat' dir='ltr'><strong>gravis</strong></span> <span class='ocrx_word' id='word_1_26' title='bbox 860 724 950 784; x_wconf 85' lang='lat' dir='ltr'><strong>tento;</strong></span> 
     </span>
     <span class='ocr_line' id='line_1_6' title="bbox 391 792 921 858; baseline 0.009 -18"><span class='ocrx_word' id='word_1_27' title='bbox 391 792 465 856; x_wconf 88' lang='lat' dir='ltr'><strong>quod</strong></span> <span class='ocrx_word' id='word_1_28' title='bbox 475 793 652 858; x_wconf 83' lang='lat' dir='ltr'><strong>exprobravit</strong></span> <span class='ocrx_word' id='word_1_29' title='bbox 661 792 708 844; x_wconf 86' lang='lat' dir='ltr'><strong>hic</strong></span> <span class='ocrx_word' id='word_1_30' title='bbox 715 794 767 844; x_wconf 88' lang='lat' dir='ltr'><strong>tibi</strong></span> <span class='ocrx_word' id='word_1_31' title='bbox 777 809 827 844; x_wconf 83' lang='lat' dir='ltr'><strong>suo</strong></span> <span class='ocrx_word' id='word_1_32' title='bbox 838 809 921 846; x_wconf 80' lang='lat' dir='ltr'><strong>versu</strong></span> 
     </span>
     <span class='ocr_line' id='line_1_7' title="bbox 390 865 899 940; baseline 0.004 -24"><span class='ocrx_word' id='word_1_33' title='bbox 390 870 473 931; x_wconf 84' lang='lat' dir='ltr'><strong>poeta</strong></span> <span class='ocrx_word' id='word_1_34' title='bbox 482 872 588 940; x_wconf 56' lang='lat' dir='ltr'><strong>noster,</strong></span> <span class='ocrx_word' id='word_1_35' title='bbox 603 869 761 919; x_wconf 83' lang='lat' dir='ltr'><strong>erubescere</strong></span> <span class='ocrx_word' id='word_1_36' title='bbox 770 865 824 920; x_wconf 84' lang='lat' dir='ltr'><strong>hoc</strong></span> <span class='ocrx_word' id='word_1_37' title='bbox 832 869 899 920; x_wconf 86' lang='lat' dir='ltr'><strong>noli.</strong></span> 
     </span>
     <span class='ocr_line' id='line_1_8' title="bbox 388 939 878 1007; baseline 0 -16"><span class='ocrx_word' id='word_1_38' title='bbox 388 939 452 991; x_wconf 90' lang='lat' dir='ltr'><strong>Non</strong></span> <span class='ocrx_word' id='word_1_39' title='bbox 463 956 492 992; x_wconf 83' lang='lat' dir='ltr'><strong>es</strong></span> <span class='ocrx_word' id='word_1_40' title='bbox 501 948 585 1007; x_wconf 78' lang='lat' dir='ltr'><strong>poeta</strong></span> <span class='ocrx_word' id='word_1_41' title='bbox 594 944 764 995; x_wconf 79' lang='lat' dir='ltr'><strong>sarcinosior</strong></span> <span class='ocrx_word' id='word_1_42' title='bbox 773 949 878 996; x_wconf 86' lang='lat' dir='ltr'><strong>nostro.</strong></span> 
     </span>
     <span class='ocr_line' id='line_1_9' title="bbox 564 1030 828 1086; baseline 0.008 -16"><span class='ocrx_word' id='word_1_43' title='bbox 564 1033 598 1071; x_wconf 85' lang='lat'><strong>80.</strong></span> <span class='ocrx_word' id='word_1_44' title='bbox 622 1030 663 1071; x_wconf 78' lang='lat' dir='ltr'><strong>Au</strong></span> <span class='ocrx_word' id='word_1_45' title='bbox 686 1031 828 1086; x_wconf 72' lang='lat' dir='ltr'><strong>Priapum.</strong></span> 
     </span>
     <span class='ocr_line' id='line_1_10' title="bbox 297 1095 1032 1167; baseline 0.008 -19"><span class='ocrx_word' id='word_1_46' title='bbox 297 1095 334 1148; x_wconf 88' lang='lat' dir='ltr'><strong>Ut</strong></span> <span class='ocrx_word' id='word_1_47' title='bbox 344 1112 399 1148; x_wconf 88' lang='lat' dir='ltr'><strong>non</strong></span> <span class='ocrx_word' id='word_1_48' title='bbox 409 1098 493 1167; x_wconf 85' lang='lat' dir='ltr'><strong>longa</strong></span> <span class='ocrx_word' id='word_1_49' title='bbox 503 1100 581 1162; x_wconf 81' lang='lat' dir='ltr'><strong>satis,</strong></span> <span class='ocrx_word' id='word_1_50' title='bbox 592 1115 647 1151; x_wconf 93' lang='lat' dir='ltr'><strong>nou</strong></span> <span class='ocrx_word' id='word_1_51' title='bbox 656 1106 712 1151; x_wconf 78' lang='lat' dir='ltr'><strong>stat</strong></span> <span class='ocrx_word' id='word_1_52' title='bbox 721 1102 789 1153; x_wconf 86' lang='lat' dir='ltr'><strong>bene</strong></span> <span class='ocrx_word' id='word_1_53' title='bbox 799 1101 919 1153; x_wconf 81' lang='lat' dir='ltr'><strong>mentula</strong></span> <span class='ocrx_word' id='word_1_54' title='bbox 930 1117 1032 1166; x_wconf 73' lang='lat' dir='ltr'><strong>craeso,</strong></span> 
     </span>
     <span class='ocr_line' id='line_1_11' title="bbox 335 1174 943 1243; baseline 0.007 -21"><span class='ocrx_word' id='word_1_55' title='bbox 335 1179 371 1236; x_wconf 88' lang='lat' dir='ltr'><strong>et,</strong></span> <span class='ocrx_word' id='word_1_56' title='bbox 383 1188 464 1241; x_wconf 81' lang='lat' dir='ltr'><strong>quam</strong></span> <span class='ocrx_word' id='word_1_57' title='bbox 474 1174 499 1224; x_wconf 84' lang='lat' dir='ltr'><strong>si</strong></span> <span class='ocrx_word' id='word_1_58' title='bbox 509 1179 618 1237; x_wconf 81' lang='lat' dir='ltr'><strong>tractes,</strong></span> <span class='ocrx_word' id='word_1_59' title='bbox 630 1191 751 1227; x_wconf 80' lang='lat' dir='ltr'><strong>crescere</strong></span> <span class='ocrx_word' id='word_1_60' title='bbox 762 1192 845 1243; x_wconf 80' lang='lat' dir='ltr'><strong>posse</strong></span> <span class='ocrx_word' id='word_1_61' title='bbox 855 1184 943 1242; x_wconf 79' lang='lat' dir='ltr'><strong>puteo.</strong></span> 
     </span>
     <span class='ocr_line' id='line_1_12' title="bbox 296 1244 971 1317; baseline 0.009 -21"><span class='ocrx_word' id='word_1_62' title='bbox 296 1244 343 1297; x_wconf 86' lang='lat' dir='ltr'><strong>Me</strong></span> <span class='ocrx_word' id='word_1_63' title='bbox 353 1246 494 1299; x_wconf 86' lang='lat' dir='ltr'><strong>miserum!</strong></span> <span class='ocrx_word' id='word_1_64' title='bbox 508 1250 622 1315; x_wconf 81' lang='lat' dir='ltr'><strong>cupidas</strong></span> <span class='ocrx_word' id='word_1_65' title='bbox 632 1249 707 1302; x_wconf 82' lang='lat' dir='ltr'><strong>fallit</strong></span> <span class='ocrx_word' id='word_1_66' title='bbox 715 1267 843 1303; x_wconf 80' lang='lat' dir='ltr'><strong>mensura</strong></span> <span class='ocrx_word' id='word_1_67' title='bbox 852 1252 971 1317; x_wconf 80' lang='lat' dir='ltr'><strong>puellas:</strong></span> 
     </span>
     <span class='ocr_line' id='line_1_13' title="bbox 333 1320 929 1378; baseline 0.007 -6"><span class='ocrx_word' id='word_1_68' title='bbox 333 1338 389 1375; x_wconf 87' lang='lat' dir='ltr'><strong>non</strong></span> <span class='ocrx_word' id='word_1_69' title='bbox 398 1320 482 1374; x_wconf 82' lang='lat' dir='ltr'><strong>habet</strong></span> <span class='ocrx_word' id='word_1_70' title='bbox 491 1321 559 1375; x_wconf 81' lang='lat' dir='ltr'><strong>haec</strong></span> <span class='ocrx_word' id='word_1_71' title='bbox 569 1325 645 1376; x_wconf 87' lang='lat' dir='ltr'><strong>aliud</strong></span> <span class='ocrx_word' id='word_1_72' title='bbox 654 1326 776 1378; x_wconf 76' lang='lat' dir='ltr'><strong>mentula</strong></span> <span class='ocrx_word' id='word_1_73' title='bbox 785 1327 873 1377; x_wconf 84' lang='lat' dir='ltr'><strong>maius</strong></span> <span class='ocrx_word' id='word_1_74' title='bbox 888 1341 929 1377; x_wconf 88' lang='lat' dir='ltr'><strong>ea.</strong></span> 
     </span>
     <span class='ocr_line' id='line_1_14' title="bbox 296 1395 961 1467; baseline 0.011 -21"><span class='ocrx_word' id='word_1_75' title='bbox 296 1395 399 1450; x_wconf 87' lang='lat' dir='ltr'><strong>Utilior</strong></span> <span class='ocrx_word' id='word_1_76' title='bbox 410 1398 535 1464; x_wconf 80' lang='lat' dir='ltr'>Tydeus:</span> <span class='ocrx_word' id='word_1_77' title='bbox 551 1401 606 1464; x_wconf 91' lang='lat' dir='ltr'><strong>qui,</strong></span> <span class='ocrx_word' id='word_1_78' title='bbox 617 1401 642 1450; x_wconf 82' lang='lat' dir='ltr'><strong>oi</strong></span> <span class='ocrx_word' id='word_1_79' title='bbox 653 1402 719 1467; x_wconf 84' lang='lat' dir='ltr'><strong>quid</strong></span> <span class='ocrx_word' id='word_1_80' title='bbox 730 1403 819 1453; x_wconf 86' lang='lat' dir='ltr'><strong>credis</strong></span> <span class='ocrx_word' id='word_1_81' title='bbox 830 1401 961 1465; x_wconf 85' lang='lat' dir='ltr'><strong>Homero,</strong></span> 
     </span>
     <span class='ocr_line' id='line_1_15' title="bbox 247 1473 885 1542; baseline 0.011 -21"><span class='ocrx_word' id='word_1_82' title='bbox 247 1524 253 1540; x_wconf 41' lang='lat'>¹</span> <span class='ocrx_word' id='word_1_83' title='bbox 332 1473 443 1540; x_wconf 82' lang='lat' dir='ltr'><strong>iugenio</strong></span> <span class='ocrx_word' id='word_1_84' title='bbox 454 1488 572 1540; x_wconf 82' lang='lat' dir='ltr'>pugnax,</span> <span class='ocrx_word' id='word_1_85' title='bbox 583 1490 699 1540; x_wconf 84' lang='lat' dir='ltr'><strong>corpore</strong></span> <span class='ocrx_word' id='word_1_86' title='bbox 708 1492 808 1542; x_wconf 82' lang='lat' dir='ltr'><strong>parvus</strong></span> <span class='ocrx_word' id='word_1_87' title='bbox 818 1481 885 1528; x_wconf 81' lang='lat' dir='ltr'><strong>erat.</strong></span> 
     </span>
     <span class='ocr_line' id='line_1_16' title="bbox 296 1544 977 1618; baseline 0.006 -20"><span class='ocrx_word' id='word_1_88' title='bbox 296 1544 351 1598; x_wconf 84' lang='lat' dir='ltr'><strong>Sed</strong></span> <span class='ocrx_word' id='word_1_89' title='bbox 360 1548 450 1613; x_wconf 82' lang='lat' dir='ltr'><strong>potuit</strong></span> <span class='ocrx_word' id='word_1_90' title='bbox 460 1548 559 1598; x_wconf 88' lang='lat' dir='ltr'><strong>damno</strong></span> <span class='ocrx_word' id='word_1_91' title='bbox 570 1549 651 1599; x_wconf 79' lang='lat' dir='ltr'><strong>nobis</strong></span> <span class='ocrx_word' id='word_1_92' title='bbox 660 1553 823 1618; x_wconf 83' lang='lat' dir='ltr'><strong>novitasque</strong></span> <span class='ocrx_word' id='word_1_93' title='bbox 833 1552 977 1618; x_wconf 82' lang='lat' dir='ltr'><strong>pudorque</strong></span> 
     </span>
     <span class='ocr_line' id='line_1_17' title="bbox 334 1623 857 1690; baseline 0.008 -18"><span class='ocrx_word' id='word_1_94' title='bbox 334 1637 402 1685; x_wconf 82' lang='lat' dir='ltr'><strong>esse,</strong></span> <span class='ocrx_word' id='word_1_95' title='bbox 413 1623 585 1690; x_wconf 77' lang='lat' dir='ltr'><strong>repellendus</strong></span> <span class='ocrx_word' id='word_1_96' title='bbox 596 1624 708 1690; x_wconf 72' lang='lat' dir='ltr'><strong>saepius</strong></span> <span class='ocrx_word' id='word_1_97' title='bbox 717 1624 770 1676; x_wconf 83' lang='lat' dir='ltr'><strong>iste</strong></span> <span class='ocrx_word' id='word_1_98' title='bbox 781 1624 857 1676; x_wconf 88' lang='lat' dir='ltr'><strong>mihi.</strong></span> 
     </span>
     <span class='ocr_line' id='line_1_18' title="bbox 560 1705 825 1768; baseline 0.011 -16"><span class='ocrx_word' id='word_1_99' title='bbox 560 1713 593 1752; x_wconf 81' lang='lat'><strong>81.</strong></span> <span class='ocrx_word' id='word_1_100' title='bbox 618 1705 825 1768; x_wconf 70' lang='lat' dir='ltr'><strong>Al‘l’rinpnm.</strong></span> 
     </span>
    </p>
   </div>
   <div class='ocr_carea' id='block_1_3' title="bbox 294 1781 956 1926">
    <p class='ocr_par' dir='ltr' id='par_1_3' title="bbox 294 1781 956 1926">
     <span class='ocr_line' id='line_1_19' title="bbox 294 1781 956 1850; baseline 0.002 -17"><span class='ocrx_word' id='word_1_101' title='bbox 294 1781 367 1833; x_wconf 86' lang='lat' dir='ltr'><strong>Dum</strong></span> <span class='ocrx_word' id='word_1_102' title='bbox 377 1784 456 1847; x_wconf 76' lang='lat' dir='ltr'><strong>vivis,</strong></span> <span class='ocrx_word' id='word_1_103' title='bbox 467 1799 577 1850; x_wconf 82' lang='lat' dir='ltr'><strong>sperare</strong></span> <span class='ocrx_word' id='word_1_104' title='bbox 588 1785 679 1836; x_wconf 85' lang='lat' dir='ltr'><strong>decet:</strong></span> <span class='ocrx_word' id='word_1_105' title='bbox 693 1790 732 1848; x_wconf 89' lang='lat' dir='ltr'><strong>tu,</strong></span> <span class='ocrx_word' id='word_1_106' title='bbox 742 1786 844 1836; x_wconf 83' lang='lat' dir='ltr'><strong>rustice</strong></span> <span class='ocrx_word' id='word_1_107' title='bbox 854 1787 956 1845; x_wconf 79' lang='lat' dir='ltr'><strong>custos,</strong></span> 
     </span>
     <span class='ocr_line' id='line_1_20' title="bbox 332 1856 901 1926; baseline 0 -18"><span class='ocrx_word' id='word_1_108' title='bbox 332 1856 385 1909; x_wconf 88' lang='lat' dir='ltr'><strong>huc</strong></span> <span class='ocrx_word' id='word_1_109' title='bbox 395 1858 469 1922; x_wconf 83' lang='lat' dir='ltr'><strong>ades,</strong></span> <span class='ocrx_word' id='word_1_110' title='bbox 481 1865 508 1910; x_wconf 85' lang='lat' dir='ltr'><strong>et</strong></span> <span class='ocrx_word' id='word_1_111' title='bbox 517 1860 617 1923; x_wconf 77' lang='lat' dir='ltr'><strong>nervis,</strong></span> <span class='ocrx_word' id='word_1_112' title='bbox 627 1864 701 1911; x_wconf 85' lang='lat' dir='ltr'><strong>tonte</strong></span> <span class='ocrx_word' id='word_1_113' title='bbox 712 1859 819 1926; x_wconf 86' lang='lat' dir='ltr'><strong>Priape,</strong></span> <span class='ocrx_word' id='word_1_114' title='bbox 829 1858 901 1909; x_wconf 85' lang='lat' dir='ltr'><strong>fove.</strong></span> 
     </span>
    </p>
   </div>
   <div class='ocr_carea' id='block_1_4' title="bbox 293 1947 955 2073">
    <p class='ocr_par' dir='ltr' id='par_1_4' title="bbox 293 1947 955 2073">
     <span class='ocr_line' id='line_1_21' title="bbox 560 1947 869 2003; baseline -0.006 -14"><span class='ocrx_word' id='word_1_115' title='bbox 560 1952 594 1989; x_wconf 83' lang='lat'><strong>82.</strong></span> <span class='ocrx_word' id='word_1_116' title='bbox 619 1947 659 1989; x_wconf 75' lang='lat' dir='ltr'><strong>Al</strong></span> <span class='ocrx_word' id='word_1_117' title='bbox 682 1949 823 2003; x_wconf 71' lang='lat' dir='ltr'><strong>Priapum.</strong></span> <span class='ocrx_word' id='word_1_118' title='bbox 865 1973 869 1983; x_wconf 87' lang='lat'>·</span> 
     </span>
     <span class='ocr_line' id='line_1_22' title="bbox 293 2003 955 2073; baseline 0 -18"><span class='ocrx_word' id='word_1_119' title='bbox 293 2003 412 2056; x_wconf 73' lang='lat' dir='ltr'><strong>villicus</strong></span> <span class='ocrx_word' id='word_1_120' title='bbox 423 2010 513 2058; x_wconf 82' lang='lat' dir='ltr'><strong>aerari</strong></span> <span class='ocrx_word' id='word_1_121' title='bbox 523 2008 670 2073; x_wconf 85' lang='lat' dir='ltr'><strong>quondam,</strong></span> <span class='ocrx_word' id='word_1_122' title='bbox 680 2023 753 2058; x_wconf 87' lang='lat' dir='ltr'><strong>nuno</strong></span> <span class='ocrx_word' id='word_1_123' title='bbox 763 2007 852 2058; x_wconf 84' lang='lat' dir='ltr'><strong>cultor</strong></span> <span class='ocrx_word' id='word_1_124' title='bbox 862 2005 955 2073; x_wconf 80' lang='lat' dir='ltr'><strong>agelli,</strong></span> 
     </span>
    </p>
   </div>
   <div class='ocr_carea' id='block_1_5' title="bbox 292 2077 1080 2449">
    <p class='ocr_par' dir='ltr' id='par_1_5' title="bbox 332 2077 958 2149">
     <span class='ocr_line' id='line_1_23' title="bbox 332 2077 958 2149; baseline -0.002 -19"><span class='ocrx_word' id='word_1_125' title='bbox 332 2077 401 2132; x_wconf 85' lang='lat' dir='ltr'><strong>haec</strong></span> <span class='ocrx_word' id='word_1_126' title='bbox 410 2082 462 2132; x_wconf 86' lang='lat' dir='ltr'><strong>tibi</strong></span> <span class='ocrx_word' id='word_1_127' title='bbox 472 2080 634 2149; x_wconf 78' lang='lat' dir='ltr'><strong>Perspectus</strong></span> <span class='ocrx_word' id='word_1_128' title='bbox 644 2083 756 2149; x_wconf 76' lang='lat' dir='ltr'><strong>templa,</strong></span> <span class='ocrx_word' id='word_1_129' title='bbox 766 2081 874 2149; x_wconf 75' lang='grc' dir='ltr'>Ριίιιρε,</span> <span class='ocrx_word' id='word_1_130' title='bbox 886 2080 958 2131; x_wconf 84' lang='lat' dir='ltr'><strong>dico.</strong></span> 
     </span>
    </p>

    <p class='ocr_par' dir='ltr' id='par_1_6' title="bbox 293 2154 988 2283">
     <span class='ocr_line' id='line_1_24' title="bbox 293 2154 988 2222; baseline -0.001 -16"><span class='ocrx_word' id='word_1_131' title='bbox 293 2154 349 2206; x_wconf 88' lang='lat' dir='ltr'><strong>Pro</strong></span> <span class='ocrx_word' id='word_1_132' title='bbox 361 2156 459 2222; x_wconf 83' lang='lat' dir='ltr'><strong>quibus</strong></span> <span class='ocrx_word' id='word_1_133' title='bbox 471 2158 578 2221; x_wconf 81' lang='lat' dir='ltr'><strong>officiis,</strong></span> <span class='ocrx_word' id='word_1_134' title='bbox 588 2158 613 2208; x_wconf 70' lang='lat' dir='ltr'><strong>si</strong></span> <span class='ocrx_word' id='word_1_135' title='bbox 623 2156 666 2208; x_wconf 79' lang='lat' dir='ltr'><strong>fas</strong></span> <span class='ocrx_word' id='word_1_136' title='bbox 677 2163 727 2220; x_wconf 83' lang='lat' dir='ltr'><strong>est,</strong></span> <span class='ocrx_word' id='word_1_137' title='bbox 738 2162 842 2219; x_wconf 74' lang='lat' dir='ltr'><strong>sancte,</strong></span> <span class='ocrx_word' id='word_1_138' title='bbox 855 2155 988 2221; x_wconf 79' lang='lat' dir='ltr'><strong>paciscor,</strong></span> 
     </span>
     <span class='ocr_line' id='line_1_25' title="bbox 333 2230 847 2283; baseline 0.002 -3"><span class='ocrx_word' id='word_1_139' title='bbox 333 2230 460 2281; x_wconf 79' lang='lat' dir='ltr'><strong>assiduus</strong></span> <span class='ocrx_word' id='word_1_140' title='bbox 471 2237 563 2283; x_wconf 78' lang='lat' dir='ltr'><strong>custos</strong></span> <span class='ocrx_word' id='word_1_141' title='bbox 572 2234 644 2283; x_wconf 87' lang='lat' dir='ltr'><strong>run&#39;s</strong></span> <span class='ocrx_word' id='word_1_142' title='bbox 654 2236 685 2283; x_wconf 84' lang='lat' dir='ltr'><strong>ut</strong></span> <span class='ocrx_word' id='word_1_143' title='bbox 695 2247 754 2283; x_wconf 81' lang='lat' dir='ltr'><strong>esse</strong></span> <span class='ocrx_word' id='word_1_144' title='bbox 764 2232 847 2282; x_wconf 83' lang='lat' dir='ltr'><strong>velis:</strong></span> 
     </span>
    </p>

    <p class='ocr_par' dir='ltr' id='par_1_7' title="bbox 292 2305 1080 2449">
     <span class='ocr_line' id='line_1_26' title="bbox 292 2305 974 2373; baseline -0.001 -18"><span class='ocrx_word' id='word_1_145' title='bbox 292 2305 435 2371; x_wconf 85' lang='lat' dir='ltr'><strong>improbus</strong></span> <span class='ocrx_word' id='word_1_146' title='bbox 444 2312 476 2368; x_wconf 70' lang='lat' dir='ltr'><strong>ut</strong></span> <span class='ocrx_word' id='word_1_147' title='bbox 483 2308 509 2357; x_wconf 76' lang='lat' dir='ltr'><strong>si</strong></span> <span class='ocrx_word' id='word_1_148' title='bbox 518 2308 580 2373; x_wconf 78' lang='lat' dir='ltr'><strong>quis</strong></span> <span class='ocrx_word' id='word_1_149' title='bbox 589 2313 712 2359; x_wconf 79' lang='lat' dir='ltr'><strong>nostrum</strong></span> <span class='ocrx_word' id='word_1_150' title='bbox 723 2305 837 2357; x_wconf 84' lang='lat' dir='ltr'><strong>violarit</strong></span> <span class='ocrx_word' id='word_1_151' title='bbox 846 2305 974 2372; x_wconf 83' lang='lat' dir='ltr'><strong>agellum,</strong></span> 
     </span>
     <span class='ocr_line' id='line_1_27' title="bbox 332 2377 1080 2449; baseline 0.003 -20"><span class='ocrx_word' id='word_1_152' title='bbox 332 2377 404 2432; x_wconf 87' lang='lat' dir='ltr'><strong>huno</strong></span> <span class='ocrx_word' id='word_1_153' title='bbox 412 2386 443 2432; x_wconf 86' lang='lat' dir='ltr'><strong>tu</strong></span> <span class='ocrx_word' id='word_1_154' title='bbox 451 2409 530 2419; x_wconf 94' lang='lat'><strong>——</strong></span> <span class='ocrx_word' id='word_1_155' title='bbox 540 2382 589 2433; x_wconf 80' lang='lat' dir='ltr'><strong>sed</strong></span> <span class='ocrx_word' id='word_1_156' title='bbox 598 2386 692 2434; x_wconf 73' lang='lat' dir='ltr'><strong>taeeoz</strong></span> <span class='ocrx_word' id='word_1_157' title='bbox 707 2382 771 2444; x_wconf 79' lang='lat' dir='ltr'><strong>sois,</strong></span> <span class='ocrx_word' id='word_1_158' title='bbox 782 2386 857 2449; x_wconf 76' lang='lat' dir='ltr'><strong>puto,</strong></span> <span class='ocrx_word' id='word_1_159' title='bbox 873 2379 946 2446; x_wconf 88' lang='lat' dir='ltr'><strong>quod</strong></span> <span class='ocrx_word' id='word_1_160' title='bbox 957 2379 1080 2446; x_wconf 83' lang='lat' dir='ltr'><strong>sequitur</strong></span> 
     </span>
    </p>
   </div>
   <div class='ocr_carea' id='block_1_6' title="bbox 434 2466 948 2580">
    <p class='ocr_par' dir='ltr' id='par_1_8' title="bbox 434 2466 948 2580">
     <span class='ocr_line' id='line_1_28' title="bbox 555 2466 832 2511; baseline -0.007 0"><span class='ocrx_word' id='word_1_161' title='bbox 555 2472 589 2511; x_wconf 78' lang='lat'><strong>83.</strong></span> <span class='ocrx_word' id='word_1_162' title='bbox 605 2467 683 2511; x_wconf 73' lang='lat' dir='ltr'><strong>Albii</strong></span> <span class='ocrx_word' id='word_1_163' title='bbox 708 2466 832 2510; x_wconf 84' lang='lat' dir='ltr'><strong>Tibulli.</strong></span> 
     </span>
     <span class='ocr_line' id='line_1_29' title="bbox 434 2523 948 2580; baseline -0.008 -13"><span class='ocrx_word' id='word_1_164' title='bbox 434 2525 473 2567; x_wconf 71' lang='lat' dir='ltr'><strong>ul</strong></span> <span class='ocrx_word' id='word_1_165' title='bbox 489 2525 622 2580; x_wconf 72' lang='lat' dir='ltr'><strong>Priapum</strong></span> <span class='ocrx_word' id='word_1_166' title='bbox 642 2524 674 2567; x_wconf 82' lang='lat' dir='ltr'><strong>de</strong></span> <span class='ocrx_word' id='word_1_167' title='bbox 690 2526 798 2567; x_wconf 72' lang='lat' dir='ltr'><strong>inertia</strong></span> <span class='ocrx_word' id='word_1_168' title='bbox 812 2523 948 2575; x_wconf 69' lang='lat' dir='ltr'><strong>inguinis.</strong></span> 
     </span>
    </p>
   </div>
   <div class='ocr_carea' id='block_1_7' title="bbox 328 2593 977 3037">
    <p class='ocr_par' dir='ltr' id='par_1_9' title="bbox 328 2593 977 3037">
     <span class='ocr_line' id='line_1_30' title="bbox 332 2593 977 2664; baseline -0.003 -16"><span class='ocrx_word' id='word_1_169' title='bbox 332 2595 406 2657; x_wconf 78' lang='lat' dir='ltr'><strong>Quid</strong></span> <span class='ocrx_word' id='word_1_170' title='bbox 416 2595 469 2649; x_wconf 84' lang='lat' dir='ltr'><strong>hoo</strong></span> <span class='ocrx_word' id='word_1_171' title='bbox 480 2598 545 2648; x_wconf 88' lang='lat' dir='ltr'><strong>novi</strong></span> <span class='ocrx_word' id='word_1_172' title='bbox 555 2596 612 2648; x_wconf 80' lang='lat' dir='ltr'><strong>estl</strong></span> <span class='ocrx_word' id='word_1_173' title='bbox 627 2598 693 2664; x_wconf 86' lang='lat' dir='ltr'><strong>quid</strong></span> <span class='ocrx_word' id='word_1_174' title='bbox 702 2598 746 2648; x_wconf 83' lang='lat' dir='ltr'><strong>ira</strong></span> <span class='ocrx_word' id='word_1_175' title='bbox 756 2598 863 2647; x_wconf 85' lang='lat' dir='ltr'><strong>nuntiat</strong></span> <span class='ocrx_word' id='word_1_176' title='bbox 872 2593 977 2647; x_wconf 72' lang='lat' dir='ltr'><strong>Detimi</strong></span> 
     </span>
     <span class='ocr_line' id='line_1_31' title="bbox 333 2670 837 2738; baseline 0 -15"><span class='ocrx_word' id='word_1_177' title='bbox 333 2670 438 2723; x_wconf 86' lang='lat' dir='ltr'><strong>Silente</strong></span> <span class='ocrx_word' id='word_1_178' title='bbox 449 2677 537 2735; x_wconf 83' lang='lat' dir='ltr'><strong>noete,</strong></span> <span class='ocrx_word' id='word_1_179' title='bbox 549 2672 681 2724; x_wconf 85' lang='lat' dir='ltr'><strong>candidus</strong></span> <span class='ocrx_word' id='word_1_180' title='bbox 692 2670 759 2723; x_wconf 90' lang='lat' dir='ltr'><strong>mihi</strong></span> <span class='ocrx_word' id='word_1_181' title='bbox 768 2687 837 2738; x_wconf 82' lang='lat' dir='ltr'><strong>puer</strong></span> 
     </span>
     <span class='ocr_line' id='line_1_32' title="bbox 329 2747 821 2813; baseline -0.004 -15"><span class='ocrx_word' id='word_1_182' title='bbox 329 2753 438 2813; x_wconf 84' lang='lat' dir='ltr'><strong>tepente</strong></span> <span class='ocrx_word' id='word_1_183' title='bbox 448 2762 508 2798; x_wconf 87' lang='lat' dir='ltr'><strong>oum</strong></span> <span class='ocrx_word' id='word_1_184' title='bbox 516 2748 620 2799; x_wconf 84' lang='lat' dir='ltr'><strong>iaceret</strong></span> <span class='ocrx_word' id='word_1_185' title='bbox 630 2747 741 2799; x_wconf 81' lang='lat' dir='ltr'><strong>abditus</strong></span> <span class='ocrx_word' id='word_1_186' title='bbox 750 2748 821 2810; x_wconf 85' lang='lat' dir='ltr'><strong>sinu,</strong></span> 
     </span>
     <span class='ocr_line' id='line_1_33' title="bbox 329 2820 790 2889; baseline 0.002 -16"><span class='ocrx_word' id='word_1_187' title='bbox 329 2820 422 2873; x_wconf 80' lang='lat' dir='ltr'><strong>Venus</strong></span> <span class='ocrx_word' id='word_1_188' title='bbox 431 2820 485 2872; x_wconf 75' lang='lat' dir='ltr'><strong>luit</strong></span> <span class='ocrx_word' id='word_1_189' title='bbox 494 2823 600 2889; x_wconf 84' lang='lat' dir='ltr'><strong>quieta:</strong></span> <span class='ocrx_word' id='word_1_190' title='bbox 616 2838 666 2874; x_wconf 86' lang='lat' dir='ltr'><strong>neo</strong></span> <span class='ocrx_word' id='word_1_191' title='bbox 675 2823 790 2874; x_wconf 69' lang='lat' dir='ltr'><strong>viriliter</strong></span> 
     </span>
     <span class='ocr_line' id='line_1_34' title="bbox 328 2897 794 2964; baseline -0.004 -15"><span class='ocrx_word' id='word_1_192' title='bbox 328 2898 403 2949; x_wconf 78' lang='lat' dir='ltr'><strong>iners</strong></span> <span class='ocrx_word' id='word_1_193' title='bbox 414 2897 500 2949; x_wconf 78' lang='lat' dir='ltr'><strong>senile</strong></span> <span class='ocrx_word' id='word_1_194' title='bbox 509 2898 587 2964; x_wconf 77' lang='lat' dir='ltr'><strong>penis</strong></span> <span class='ocrx_word' id='word_1_195' title='bbox 597 2898 695 2949; x_wconf 83' lang='lat' dir='ltr'><strong>extulit</strong></span> <span class='ocrx_word' id='word_1_196' title='bbox 705 2901 794 2964; x_wconf 83' lang='lat' dir='ltr'><strong>caput.</strong></span> 
     </span>
     <span class='ocr_line' id='line_1_35' title="bbox 815 2991 896 3037; baseline -0.025 0"><span class='ocrx_word' id='word_1_197' title='bbox 815 2992 861 3037; x_wconf 68' lang='lat' dir='ltr'><strong>lie.</strong></span> <span class='ocrx_word' id='word_1_198' title='bbox 874 2991 896 3035; x_wconf 73' lang='lat'><strong>&#39;2</strong></span> 
     </span>
    </p>
   </div>
   <div class='ocr_carea' id='block_1_8' title="bbox 0 0 1380 3450">
    <p class='ocr_par' dir='ltr' id='par_1_10' title="bbox 0 0 1380 3450">
     <span class='ocr_line' id='line_1_36' title="bbox 0 0 1380 3450; baseline 0 5"><span class='ocrx_word' id='word_1_199' title='bbox 0 0 1380 3450; x_wconf 95' lang='lat' dir='ltr'><strong> </strong></span> 
     </span>
    </p>
   </div>
  </div>
 </body>
</html>
