2750 3450
332 378 363 428 98
620 376 830 423 MARTIALIS

332 502 448 566 Dignum
460 506 596 550 tantorum
607 502 723 566 pretium
733 500 796 549 tulit
804 498 855 549 illa
865 499 1009 552 laborum.

370 575 505 624 Credibile
516 580 557 624 est
566 576 653 640 ipsam
664 577 705 626 sic
714 575 833 626 voluisse
842 575 925 624 niori.

571 682 605 720 33.
629 678 669 719 Ad
689 679 879 721 Sosibiauum.

333 753 417 802 Plena
426 752 560 803 laboratis
570 752 672 803 habeas
683 770 743 804 curn
751 755 853 804 scrinia
861 754 954 818 libris,

371 828 471 878 emittis
483 842 574 893 quare,
586 828 741 892 Sosibiane‚
751 827 837 878 nihili

332 901 419 952 Edent
429 899 550 964 heredes,
560 903 660 968 inquis,
670 919 732 953 mea
742 904 872 953 carmina.
898 901 1042 963 Quando!

369 977 487 1043 Tempus
498 978 620 1027 oratiam
630 983 667 1040 te,
678 976 833 1040 Sosianum,
843 977 908 1044 legi.

599 1085 632 1123 34.
657 1083 695 1123 Ad
715 1080 848 1123 Attalum.

335 1156 454 1207 Sordida
464 1173 522 1207 cum
532 1155 583 1206 tibi
594 1157 638 1219 sit,
655 1173 746 1208 verum
759 1163 858 1220 tamen,
868 1157 972 1221 Attale,
988 1158 1071 1222 dixit,

369 1232 492 1297 quisquis
501 1236 529 1281 te
538 1231 644 1281 niveam
655 1233 726 1283 dixit
734 1231 833 1283 habere
846 1238 951 1299 togam.

543 1339 579 1378 35.
593 1335 632 1377 De
653 1348 746 1390 pugna
764 1337 910 1377 clamatum.

331 1411 479 1461 Frontibus
490 1412 610 1462 adversis
621 1412 718 1462 molles
729 1427 889 1463 concurrere
901 1412 1001 1462 damas

368 1486 494 1549 vidimus,
505 1492 532 1536 et
541 1486 592 1536 fati
602 1491 675 1537 sorte
685 1487 776 1537 iacere
786 1487 854 1551 pari.

333 1560 493 1626 Spectavere
505 1576 585 1611 canes
595 1562 737 1626 praedam:
753 1561 909 1626 stupuitque
920 1559 1057 1626 superbus

368 1642 489 1698 venator,
501 1635 588 1685 cultro
599 1636 636 1684 nii
649 1650 790 1700 superesse
800 1651 858 1685 suo.

332 1709 407 1760 Unde
418 1711 489 1761 leves
501 1710 584 1760 animi
594 1714 671 1763 tanto
683 1710 790 1761 caluere
800 1706 909 1760 furore!

370 1784 416 1836 Sic
425 1790 546 1853 pugnant
555 1786 636 1847 tauri,
647 1787 687 1836 sic
698 1785 819 1836 cecidere
829 1785 890 1835 viri.

623 1892 657 1931 36.
682 1889 721 1930 Ad
742 1888 825 1930 (ilum.

334 1964 410 2014 Cana
419 1970 461 2015 est
470 1964 556 2015 barba
565 1965 629 2014 tibi:
645 1966 723 2031 nigra
733 1971 775 2016 est
785 1978 877 2014 corna:
895 1964 1003 2031 tingere
1013 1965 1118 2018 barban

369 2055 423 2089 non
434 2045 521 2105 potes,
532 2037 599 2089 haec
610 2045 757 2090 causaest:
776 2038 825 2089 sed
835 2043 923 2104 potes,
937 2037 999 2104 Oie,
1010 2053 1117 2092 comm

616 2147 650 2185 37.
675 2143 716 2185 Ao
735 2143 838 2184 Afrum.

422 2219 534 2270 Genurm
545 2218 704 2283 Coracinus,
715 2226 742 2271 et
752 2220 868 2270 ducenta
877 2217 1035 2282 Mancinus,

421 2300 543 2344 trecenta
552 2295 633 2345 debet
643 2295 743 2358 Titius,
753 2292 806 2345 hoc
815 2294 858 2345 bis
866 2294 992 2356 Albinus,

424 2368 514 2419 decies
525 2367 651 2432 Sabinus,
663 2371 831 2436 alterumque
841 2367 989 2430 Serranum

423 2458 455 2493 ex
464 2444 561 2494 insulis
571 2442 716 2511 fundisque
726 2445 820 2496 tricies
830 2443 948 2505 eoldum,

422 2533 457 2568 ex
466 2533 565 2583 pecore
574 2519 688 2571 redeunt
698 2527 740 2570 ter
750 2519 854 2569 ducena
863 2516 1021 2568 Parmensi:

422 2593 488 2643 totis
499 2593 603 2657 diebus,
613 2594 686 2656 Afer,
696 2592 749 2644 hoc
759 2591 825 2643 mihi
835 2606 946 2642 narras:

423 2671 451 2717 et
459 2672 538 2718 teneo
550 2669 647 2719 melius
656 2669 721 2729 ista,
732 2682 813 2733 quam
823 2681 911 2716 mcum
922 2681 1033 2718 nomon.

422 2740 553 2793 Numeres
565 2746 674 2809 oportet
684 2741 797 2807 aliquid,
808 2746 839 2791 ut
848 2741 905 2806 pati
915 2741 1036 2806 pessime

416 2818 612 2884 quotidianam
622 2816 707 2870 refice
715 2830 851 2867 nauseam
858 2816 987 2863 nummu.

405 2893 516 2948 Audire
525 2897 632 2966 gratis,
644 2893 725 2959 Afer,
732 2893 862 2944 istanon
867 2899 996 2952 possum·
