2750 3450
468 358 788 407 EPIGRAMMATUM
807 360 875 407 utu.
891 359 935 407 IX.
1051 357 1100 410 239

345 482 425 545 Quod
436 483 566 549 optimum
576 483 613 533 sit
625 482 757 548 quaeritis
766 481 937 534 convivium?

380 558 411 607 ln
421 558 495 624 quod
503 556 647 609 choraules
660 571 718 608 non
726 558 808 607 venit.

552 643 586 682 19.
611 639 650 680 Διὶ
670 641 856 683 l'ieentinum.

305 708 414 760 Funera
424 713 487 774 post
497 712 599 774 septem
609 709 702 774 nupsit
710 709 763 758 tibi
774 707 856 759 Galla
866 707 994 770 virorum,

343 782 497 835 Picentine:
513 783 591 848 sequi
600 783 658 833 vult
668 788 734 849 puto
747 781 828 834 Galla
840 784 923 834 viros.

543 873 577 911 8⁰.
605 870 643 911 ‹ld
663 871 862 913 Domitianum.

307 948 411 998 Oderat
421 951 482 996 aute
493 946 589 996 ducum
596 944 719 997 famulos
727 947 889 1012 turbamque
899 947 1026 1012 priorem,

344 1026 372 1072 et
381 1021 547 1071 Pallatiuum
559 1019 647 1071 Roma
657 1021 844 1087 supercilium:

306 1102 336 1147 ut
344 1111 415 1146 nunc
425 1099 516 1146 tantus
527 1110 605 1146 amor
614 1097 728 1158 cunctis,
738 1096 865 1162 Auguste,
877 1100 996 1158 tuorum

343 1175 374 1220 ut
383 1171 420 1220 sit
431 1170 528 1235 cuique
536 1185 602 1220 uuae
614 1185 679 1221 cura
688 1171 808 1222 secunda
817 1170 927 1220 domus:

305 1253 362 1294 tam
373 1244 499 1310 placidae
509 1250 620 1306 mentes,
631 1250 710 1295 tanta
720 1250 762 1296 est
770 1245 922 1296 reverentia
931 1244 1024 1305 uestri,

343 1324 400 1369 tam
411 1323 510 1385 pacata
520 1319 605 1383 quies,
616 1324 708 1370 tantus
718 1321 747 1371 iu
758 1334 805 1370 ore
815 1320 912 1386 pudor.

307 1391 394 1443 Nemo
405 1408 469 1444 suos
481 1390 561 1455 (haec
571 1399 612 1443 est
622 1394 702 1444 aulae
712 1399 811 1445 natura
821 1393 953 1460 potentis)

343 1467 392 1518 sed
402 1466 506 1518 domini
516 1482 605 1519 mores
616 1467 799 1520 Caesarianus
808 1466 898 1519 habet.

588 1558 623 1597 81.
648 1555 687 1598 De
707 1554 812 1598 Gellio.

307 1631 431 1682 Duxerat
441 1630 561 1681 esuriens
572 1631 735 1697 locupletem
745 1647 848 1698 pauper
858 1647 991 1698 anumque

343 1720 469 1758 uxorem:
484 1706 574 1773 pascit
585 1703 699 1771 Gellius,
714 1713 741 1759 et
750 1705 841 1757 futuit.

580 1799 614 1837 82.
638 1794 678 1835 Ad
698 1794 820 1837 ductam.

307 1869 409 1921 Lector
419 1875 446 1920 et
456 1870 567 1923 auditor
575 1876 686 1923 nostros
697 1871 804 1938 probat,
816 1870 909 1933 docte,
919 1872 1042 1922 libellos:

344 1944 392 1996 sed
402 1945 512 2011 quidam
524 1951 635 1997 exactos
645 1961 705 1996 esse
716 1952 797 2011 poeta
807 1950 896 2011 negat.

308 2018 370 2071 Non
380 2020 493 2069 nimium
504 2036 583 2071 curo:
599 2035 662 2070 nam
673 2035 775 2070 coenae
785 2018 889 2070 fercula
897 2026 1007 2071 nostrae

345 2094 439 2145 malim
449 2096 580 2158 convivis,
591 2110 670 2161 quam
684 2095 819 2161 placuisse
830 2094 913 2145 cocis.

579 2186 615 2225 8³.
638 2182 669 2224 ln
690 2184 821 2225 dinanum*

310 2260 424 2309 Dixerat
434 2259 589 2326 astrologus
597 2261 747 2325 periturum
758 2265 785 2309 te
795 2260 860 2320 cito,
871 2258 986 2310 Munna:

345 2348 403 2395 nec,
413 2338 490 2399 puto,
500 2336 628 2386 mentitus
639 2335 748 2386 dixerat
757 2334 804 2384 ille
815 2334 879 2384 tibi:

308 2422 370 2457 nam
379 2412 410 2458 tu
420 2408 482 2459 dum
493 2410 600 2470 metuis,
611 2424 644 2459 ue
654 2407 721 2475 quiid
731 2415 795 2474 poet
804 2407 864 2458 fata
873 2407 1020 2473 relinquas,

345 2480 461 2533 hausisti
471 2484 575 2548 patrias
584 2484 741 2534 luxuriosus
752 2497 830 2547 opes:

308 2557 404 2623 bisque
413 2561 489 2607 tuum
500 2558 590 2609 decies
600 2573 655 2609 non
665 2562 725 2610 toto
734 2557 825 2607 tabuit
835 2572 915 2607 auno.

347 2630 400 2682 Dio
409 2629 485 2695 mihi,
496 2648 550 2683 non
560 2630 614 2683 hoc
623 2638 673 2695 est,
683 2630 796 2692 Minuta,
807 2632 894 2697 perire
905 2630 978 2682 citui

462 2724 495 2761 84.
520 2719 559 2761 :ld
579 2720 729 2762 Caesarem
749 2719 948 2761 Domitianum.

310 2795 382 2847 luter
391 2801 469 2847 tauta
478 2801 541 2848 tuae
551 2796 697 2864 miracula,
707 2795 825 2859 Caesam
833 2810 953 2857 arenae,

339 2885 410 2936 quae
420 2872 507 2927 uincit
517 2881 644 2932 veterum
653 2893 780 2934 munera
788 2875 875 2931 tlara
882 2873 1006 2926 nucum,
