2750 3450
319 342 369 396 256
607 345 822 393 Maenianis

320 486 370 521 nec
379 469 447 521 bene
458 470 589 522 coenasti.
617 468 720 520 Mullus
729 470 790 531 tibi,
801 473 920 535 quatuor
929 468 1019 522 curtius

356 544 496 608 librarum,
508 560 609 596 coenae
618 560 720 611 pompa
730 549 864 611 caputque
875 543 937 595 luit.

319 619 481 671 Exclamare
491 620 567 683 libet,
578 636 632 670 non
643 624 685 671 est
694 618 747 682 hic,
760 619 895 684 improbe,
904 635 961 671 non
971 626 1015 671 est

356 695 453 761 piscis:
468 693 551 746 homo
562 700 615 745 est:
635 692 781 757 hominem,
797 693 966 759 Calliodore,
976 710 1069 746 voras.

360 803 394 841 32.
419 800 458 842 De
478 800 598 852 imagine
613 798 645 841 ld.
660 798 790 848 Antonii,
809 799 843 840 ad
865 798 1074 842 Cned'itisnom.

319 875 398 933 Haec
407 875 474 927 mihi
485 891 554 942 quae
565 875 665 927 colitur
673 874 757 927 violis
767 876 883 943 pictura,
894 868 1032 943 rosisque,

358 966 427 1017 quos
438 950 538 1001 referat
548 951 646 1013 vultus,
660 950 828 1013 Caedicianc,
839 948 942 1017 rogasl

320 1027 398 1077 Talis
409 1031 468 1076 erat
477 1025 586 1077 Marcus
597 1025 695 1076 mediis
708 1025 841 1077 Antonius
852 1025 930 1075 annis

356 1100 476 1152 Primus:
491 1101 520 1150 in
530 1098 583 1153 hoc
592 1100 715 1151 iuvenem
727 1114 755 1150 se
765 1099 840 1150 videt
850 1114 897 1151 cre
907 1114 1000 1151 senex.

317 1175 368 1226 Ars
378 1176 481 1226 utinam
492 1190 581 1225 mores
592 1176 764 1241 animumque
774 1175 900 1241 effingere
908 1173 1018 1241 posset!

355 1248 495 1317 pulchrior
509 1250 537 1299 in
547 1250 626 1300 terris
636 1248 713 1300 nulln
722 1249 825 1300 tabella
835 1248 915 1300 foret.

508 1340 542 1378 3³.
567 1336 607 1378 Ad
625 1337 776 1379 Munatium
800 1334 919 1378 Gallum.

318 1404 592 1482 Simplicior'priscis
606 1413 714 1465 Munati
724 1412 811 1476 Galle,
823 1410 944 1476 Sabinis,

356 1490 517 1556 Cecropium
527 1503 639 1555 superas
651 1489 698 1556 qui
706 1488 830 1540 bonitate
840 1503 946 1552 senem3

317 1566 359 1618 sic
367 1566 420 1617 tibi
431 1565 571 1616 consoceri
582 1563 672 1615 claros
686 1563 803 1614 retinere
812 1560 928 1614 Penates

355 1645 486 1708 perpetua
494 1644 576 1689 natue
586 1638 633 1689 det
642 1636 703 1689 face
713 1643 790 1688 casta
799 1634 904 1687 Venus:

318 1720 348 1768 ut
355 1723 393 1779 tu,
405 1716 429 1766 si
439 1713 521 1765 viridi
530 1714 632 1766 tinctos
643 1713 770 1781 aerugine
780 1728 873 1766 versus

353 1790 424 1841 forte
434 1789 521 1840 malus
532 1790 603 1840 livor
614 1789 715 1840 dixerit
724 1803 783 1839 esse
793 1803 879 1849 meos,

316 1870 347 1916 ut
356 1864 433 1926 facis,
445 1864 550 1915 anobis
562 1864 671 1931 abigas:
686 1878 737 1914 nec
746 1862 865 1913 scribere
876 1876 1039 1929 quemquam

352 1939 422 1989 talia
433 1938 581 1989 contendas
593 1939 722 2001 carmina,
735 1938 782 2004 qui
791 1936 899 2003 legitur.

316 2013 397 2064 Hunc
407 2029 515 2064 servare
525 2014 635 2064 modum
645 2012 733 2063 nostri
743 2026 843 2062 novere
853 2009 950 2075 libelli,

353 2102 465 2154 parcere
475 2089 608 2153 personis,
620 2087 711 2138 dicere
721 2086 754 2137 de
764 2085 848 2137 vitiis.

488 2178 522 2217 34.
545 2175 585 2216 dd
605 2175 754 2217 Caesarem
774 2173 938 2216 Troianum.

315 2253 354 2304 Di
363 2254 415 2304 tibi
426 2253 498 2314 dent,
509 2251 650 2318 quidquid,
661 2251 786 2317 princeps
796 2250 924 2313 Traiane,
933 2253 1057 2316 mereris,

354 2334 382 2378 et
390 2334 451 2379 rata
461 2331 601 2393 perpetuo,
612 2341 681 2391 quae
691 2326 819 2388 tributore,
830 2324 928 2376 velint:

317 2404 364 2471 qui
375 2419 425 2453 sua
434 2401 556 2453 restituis
567 2401 687 2467 spoliato
697 2402 758 2451 iura
767 2406 895 2465 patrono.

352 2478 472 2529 Libertis
485 2476 560 2527 exsul
570 2492 626 2527 non
635 2476 688 2526 erit
697 2475 744 2526 illc
756 2475 823 2525 suis.

315 2552 422 2619 Dignus
432 2568 470 2614 es,
480 2555 511 2601 nt
520 2552 610 2617 possis
619 2556 708 2602 totum
717 2564 825 2601 servare
840 2548 981 2601 clientcmr

352 2631 382 2677 ut
391 2628 474 2677 liceat
483 2631 602 2689 tantum3
617 2640 682 2677 vera
691 2623 809 2692 probare
818 2629 906 2691 potes.

584 2718 618 2757 ³5.
642 2715 681 2757 De
701 2711 839 2767 Sulpicia.

407 2787 507 2840 Omnes
518 2786 667 2856 Srdpiciam
676 2788 769 2856 legant
779 2788 897 2855 puellae,

406 2864 454 2913 uui
465 2878 534 2929 quae
545 2866 657 2931 cupiunt
665 2865 725 2916 viro
735 2864 852 2931 placere.
