2750 3450
501 336 541 384 ΙΝ
557 337 728 384 PRldPUM
745 337 875 387 Lusus.
1042 336 1092 388 401

383 462 444 509 tota
467 460 549 509 noete
558 454 626 508 mihi
634 455 700 508 litat
708 455 834 525 rigendo.

382 535 418 585 At
427 548 477 584 voe
488 532 606 600 amplius
616 529 743 583 hocloco
754 537 850 585 cavete

384 608 532 676 quidquam
543 622 654 674 ponere,
664 623 699 659 ne
709 607 899 660 famelicorum

384 685 420 736 ad
430 698 473 734 me
482 683 565 734 turba
572 682 640 733 velit
650 698 747 736 canum
757 683 851 734 venire

383 775 427 823 ne,
439 759 502 810 dum
511 773 555 809 me
566 757 668 821 colitis,
678 772 823 825 meumque
831 773 941 824 numen,

385 835 515 887 custodes
525 831 652 884 habeatis
662 833 822 885 irrumatos.

595 924 630 965 ta
650 921 783 976 Priapus.

294 992 325 1045 si
336 994 483 1044 commissa
492 1005 570 1042 meae
580 1005 677 1058 carpes
688 990 816 1057 pomaria
824 1005 916 1055 aurae,

331 1068 423 1119 dulcia
434 1067 500 1135 quid
510 1066 620 1117 doleam
630 1066 754 1134 perdere,
765 1065 863 1117 doetus
873 1066 937 1119 erla.

562 1154 597 1195 13.
616 1152 657 1194 Ad
676 1151 820 1206 Priapum.

383 1221 465 1286 Gura,
475 1220 575 1288 Priape
585 1221 713 1290 diligens,
723 1220 887 1289 pomarium,

383 1295 439 1349 fun·
446 1297 588 1350 rubricato
598 1299 705 1350 minare
715 1297 850 1349 mutonlo.

601 1385 636 1426 14.
654 1381 788 1438 Priapu-

293 1448 375 1511 Qnod
384 1466 505 1516 movear,
516 1471 572 1506 non
583 1460 637 1507 est:
653 1453 728 1519 qnia,
737 1451 763 1503 ιὶ
772 1449 910 1504 furaberis
919 1451 980 1520 lpse

331 1523 455 1578 Grandia
464 1529 547 1594 mala,
558 1530 612 1581 tibi
620 1527 751 1580 braccica
759 1525 833 1577 mala
844 1525 927 1579 dubo.

600 1616 634 1656 15.
654 1611 787 1665 Priapus.

294 1669 431 1739 obliquis,
441 1670 578 1741 pathicae,
589 1672 656 1742 quid
665 1686 710 1723 me
720 1669 853 1737 spectati·
863 1669 977 1725 neellial

332 1746 396 1800 Non
405 1755 461 1799 etat
470 1750 500 1801 in
509 1749 669 1819 inguinibus
680 1746 802 1799 mentula
811 1751 888 1797 tenta
896 1748 975 1800 mela.

294 1822 372 1885 Quae
381 1828 473 1876 tamen
482 1826 618 1879 exanimis
626 1838 700 1878 nnnc
710 1828 761 1885 ent,
770 1826 799 1873 et
806 1821 906 1873 inutile
915 1821 1034 1892 llgnnma

330 1898 409 1950 utilis
419 1897 496 1963 haee,
507 1917 583 1953 aram
594 1901 619 1953 nl
629 1898 771 1961 dederitis,
782 1896 844 1948 erit.

291 1973 347 2025 Per
355 1974 462 2027 medios
471 1976 525 2028 ibit
533 1992 635 2043 pueros
644 1974 804 2039 mediaeque
813 1969 921 2039 puellae

330 2049 465 2101 mentula:
479 2049 605 2104 barbatis
615 2067 671 2103 non
680 2050 737 2101 nini
746 2062 852 2100 summa
861 2051 945 2113 petet.

562 2144 599 2185 16.
618 2139 658 2182 Ad
677 2138 822 2193 Priapum.

384 2200 506 2253 Dodona
515 2207 557 2253 ent
566 2201 628 2264 tibi,
638 2200 770 2267 luppiter,
780 2202 905 2249 sacratae

385 2275 484 2327 lunoni
496 2275 594 2329 Samos
604 2281 631 2328 et
640 2275 773 2343 Mycena:
787 2272 850 2323 Diti

383 2352 475 2403 undae
484 2357 512 2404 et
522 2353 666 2403 Taenaron
675 2346 937 2416 aequoriaqneregl.

383 2426 479 2478 Pallas
490 2426 641 2493 Cecropius
649 2431 742 2477 tuetur
752 2439 841 2475 arces:

384 2499 510 2569 Delphos
519 2501 637 2569 Pythius
649 2501 725 2553 orbis
735 2499 907 2551 umbilicume

386 2576 485 2629 Creten
498 2580 587 2641 Delia,
598 2573 788 2643 cynthiosqne
798 2572 899 2625 collem

388 2648 496 2704 Faunus
506 2652 664 2714 Maenalon,
675 2650 866 2715 Arcadumque
876 2647 970 2700 silvas.

386 2726 436 2779 Eat
443 2729 530 2779 tutela
539 2725 654 2779 Rhodos
663 2726 747 2777 beata
758 2723 844 2777 Solius

386 2800 479 2855 Gades
490 2803 627 2864 Herculis,
637 2798 831 2868 humidamque
841 2796 939 2851 'llbun

387 2877 501 2946 cyllene
511 2878 595 2932 celeri
604 2876 666 2929 Deo
675 2876 789 2928 nivosae

358 2973 472 3021 Maur.
857 2966 904 3013 tle
