2750 3450
307 376 358 425 272
599 372 812 422 maurianis

399 504 497 549 tonsor
505 497 561 547 iam
572 497 695 564 reliquos
704 500 789 547 metat
798 494 925 560 capillos.

401 572 486 623 Calvo
497 573 604 638 turpius
615 577 656 622 est
666 569 736 622 nihil
747 575 865 622 comato.

465 681 500 720 84.
524 677 565 720 De
584 676 667 726 Afro,
687 675 721 718 sd
741 674 947 717 Caeditianun.

309 755 431 817 Miraris,
443 768 527 821 quare
537 753 683 805 dormitum
693 768 749 803 non
759 758 805 803 eat
812 750 893 803 merl

346 829 495 880 Accumbat
505 844 565 878 oum
577 842 639 894 qua,
651 826 820 889 Caeditiane‚
829 827 915 878 vides.

525 921 559 958 85.
585 916 624 958 De
643 915 771 957 Ladonte
790 919 885 956 nanta.

309 995 367 1044 lam
378 994 471 1044 senior
480 989 579 1044 Ladon
589 991 737 1042 Tiberinae
746 996 830 1041 nauta
841 991 951 1042 carinae

346 1068 473 1134 proxima
483 1067 591 1118 dilectis
601 1081 665 1117 rura
675 1067 783 1132 paravit
793 1065 880 1131 aquis.

311 1143 388 1204 Quae
399 1158 459 1193 cum
469 1157 551 1206 saepe
561 1156 646 1208 vagus
657 1145 791 1207 premeret
800 1140 968 1190 torrentibus
980 1141 1063 1191 undis

348 1217 449 1279 Tibris,
460 1224 486 1267 et
496 1214 609 1266 hiberno
620 1221 756 1281 rumperet
766 1229 832 1265 arva
842 1213 917 1264 lacu:

310 1292 449 1342 emeritam
461 1293 580 1358 puppim,
591 1291 653 1356 ripa
663 1305 733 1356 quae
743 1289 834 1340 stabat
842 1290 873 1339 in
881 1288 948 1351 alta,

345 1366 469 1432 implevit
479 1366 562 1428 saxis,
574 1365 756 1432 opposuitque
768 1364 855 1415 radis.

310 1439 357 1491 Sic
366 1441 465 1490 nimias
476 1441 574 1490 avertit
585 1455 679 1506 aquas.
701 1437 770 1501 Quis
781 1439 889 1490 credere
903 1438 1016 1504 posseti

347 1514 479 1565 auxilium
490 1513 601 1566 domino
612 1529 703 1566 mersa
712 1515 807 1566 carina
814 1513 887 1564 tulit.

598 1605 631 1645 Si.
655 1603 695 1644 lle
712 1602 810 1644 Lauro.

308 1675 396 1730 Nemo
406 1693 479 1729 nova
489 1677 574 1730 caluit
584 1679 624 1730 sic
633 1677 817 1729 inflammatus
828 1677 926 1741 amica,

347 1752 473 1819 flagravit
482 1760 584 1819 quanto
595 1753 703 1805 Lamus
713 1769 806 1805 amore
816 1754 898 1820 pilae.

311 1827 365 1879 Sed
376 1828 422 1895 qui
433 1829 535 1895 primus
546 1834 605 1879 erat
615 1828 700 1890 lusor,
711 1828 773 1879 dum
784 1827 877 1879 floruit
888 1833 981 1889 aetas3

346 1918 417 1953 nunc
427 1909 571 1970 postquam
582 1903 653 1953 desit
662 1902 764 1965 ludere,
775 1902 863 1969 prima
872 1903 931 1969 pila
941 1909 993 1953 est.

516 1993 549 2032 81.
575 1991 614 2032 De
633 1989 725 2031 natali
743 1989 890 2032 Restituti.

420 2065 552 2117 Octobres
563 2081 614 2133 age
624 2067 725 2116 sentiat
735 2065 873 2116 Kalendas

417 2138 528 2192 facundi
538 2141 585 2206 pia
594 2140 683 2190 Roma
693 2140 830 2190 Restituti.

418 2214 533 2282 Linguis
545 2216 669 2267 omnibus
680 2221 707 2266 et
716 2214 806 2265 favete
817 2216 898 2265 votis.

418 2287 543 2339 Natalem
556 2289 680 2352 colimus,
695 2295 783 2340 tacete
793 2288 865 2339 lites.
1002 2304 1015 2338 s

416 2363 495 2415 Absit
506 2379 598 2416 cereus
609 2365 679 2415 aridi
695 2364 810 2426 clientis,

418 2445 446 2489 et
455 2440 519 2489 vani
529 2440 660 2505 triplices,
671 2439 819 2505 brevesque
830 2454 946 2505 mappae

418 2520 575 2580 exspectent
584 2514 758 2581 gelidiiocos
772 2514 940 2565 Decembris.

420 2587 530 2640 Certent
540 2590 696 2639 muneribus
706 2589 853 2640 beatiores.

420 2664 556 2730 Agrippae
567 2664 687 2714 tumidus
698 2664 855 2730 negotiator

419 2737 514 2788 Cadmi
526 2739 676 2805 municipes
685 2737 756 2788 ferat
766 2739 899 2790 lacernas.

419 2810 573 2879 Pugnorum
583 2828 646 2864 reus
656 2813 802 2879 ebriaeque
812 2813 901 2864 noctis

419 2888 579 2939 coenatoria
588 2888 680 2939 mittat
690 2887 835 2940 advocato.
