2750 3450
549 330 867 388 urrunnnmnrum
900 342 968 389 nra.
997 343 1038 389 ur.
1138 341 1160 390 n

394 460 479 514 Haec
489 460 593 514 faciant
602 479 667 514 sane
676 465 800 515 iuvenes:
820 462 977 528 desomrius
987 465 1059 527 hier,

437 537 548 588 omnino
559 535 627 587 nihil
638 545 679 588 est
688 539 828 589 ardelione
838 554 910 589 sene.

653 629 687 667 80.
711 626 750 666 Ad
769 625 934 667 Mathonem.

396 697 509 766 Hospes
519 715 579 751 eras
589 703 676 752 nostri
686 717 799 767 semper,
809 700 915 764 Matho,
930 702 1075 752 Tiburtini.

435 772 499 825 Hoc
509 775 584 825 emis.
613 776 746 841 imposui:
761 792 806 826 urs
816 777 868 826 tibi
878 776 965 826 vendo
974 781 1058 825 tuum.

656 866 690 904 81.
715 862 745 903 ln
764 863 928 905 Mathonem.

398 939 545 993 Declamas
554 942 583 992 in
592 939 676 1001 febre,
688 937 816 989 Mathun:
833 937 904 989 hanc
913 955 972 989 esse
982 937 1131 1004 phrenesim

436 1015 461 1066 si
471 1016 568 1078 nescis,
578 1031 633 1065 nun
644 1029 673 1064 es
683 1030 774 1076 sanus,
786 1015 872 1064 amice
881 1012 1005 1064 Mathone

399 1090 546 1141 Declamas
557 1084 645 1156 aeger,
656 1089 793 1139 declamas
803 1086 996 1138 hemitritaeus.

435 1163 467 1214 Si
477 1164 574 1215 sudare
585 1165 665 1215 aliter
673 1178 729 1213 non
738 1169 825 1228 putes,
837 1169 879 1212 est
888 1164 970 1213 ratio.

397 1238 499 1306 Magna
507 1244 598 1289 tamen
607 1253 650 1288 res
661 1243 714 1288 est:
730 1252 822 1288 errans
837 1252 896 1287 cum
905 1239 1011 1288 viscera
1020 1237 1104 1287 febris

435 1315 585 1375 exuritvres
596 1318 637 1362 est
646 1326 745 1378 magna
754 1316 853 1374 tacere,
863 1311 986 1362 Mathun.

669 1409 702 1447 82.
727 1405 765 1446 De
784 1403 913 1446 Fabulle.

468 1480 643 1547 Epigramma
653 1486 775 1533 nostrum
787 1497 846 1532 cum
856 1481 972 1532 Fabulla
981 1481 1103 1548 legisses,

468 1570 568 1621 negare
581 1556 748 1622 nullamque
761 1571 859 1621 queror
868 1556 1031 1620 puellanrm:

468 1630 551 1681 semel
561 1637 658 1696 rogate
668 1631 764 1696 bisque
773 1636 867 1695 terque
876 1630 996 1696 neglexit

467 1719 561 1771 preces
572 1705 697 1756 amantis.
724 1705 790 1767 lam,
800 1703 924 1766 Fabulla,
935 1704 1074 1771 promitte:

468 1794 567 1846 negare
576 1781 654 1843 iussi,
664 1793 813 1847 pernegare
823 1794 878 1828 non
886 1779 964 1829 iussi.

678 1871 712 1909 83.
736 1866 775 1907 sd
794 1866 902 1907 Rufum.

396 1944 456 1994 Hos
467 1958 575 2009 quoque
587 1943 747 1995 commenda
757 1941 899 2004 Venuleio,
910 1942 987 2006 Rufe,
998 1944 1121 2005 libellos;

432 2020 547 2085 imputet
556 2024 583 2069 et
592 2019 672 2069 nobis
683 2018 741 2068 otia
751 2032 844 2083 parva,
855 2032 936 2083 roga:

394 2095 537 2144 immemor
546 2099 573 2144 et
581 2093 691 2159 paulum
703 2107 826 2143 curarum
838 2107 1002 2159 operumque
1012 2110 1131 2156 suorum,

432 2182 488 2218 non
496 2168 594 2218 tetrica
603 2182 689 2233 nugas
699 2169 791 2233 exigat
801 2182 865 2217 aure
876 2183 959 2217 meas.

395 2240 450 2292 Sed
460 2256 510 2292 nec
519 2246 583 2307 post
592 2242 707 2307 primum
717 2240 871 2308 legathaec,
878 2258 1042 2306 summumve
1047 2242 1160 2291 trienten

432 2315 480 2366 sed
490 2331 540 2366 sua
550 2331 610 2366 cum
620 2317 724 2367 medius
734 2316 841 2382 proelia
849 2314 974 2367 Bacchus
986 2324 1067 2365 amat.

395 2389 425 2441 Si
435 2391 517 2440 nimis
527 2394 569 2441 est
577 2391 677 2457 legisse
687 2391 769 2453 d'uos3
785 2391 838 2441 tibi
849 2389 943 2442 charta
953 2391 1068 2456 plicetur

433 2465 532 2515 altera:
547 2465 663 2516 divisum
675 2467 716 2516 sic
725 2466 806 2516 breve
816 2465 863 2514 liet
873 2481 950 2531 opus.

655 2556 688 2594 8⁴.
713 2552 745 2593 ln
763 2550 925 2593 Nasvoluru.

395 2626 498 2681 Securo
508 2626 577 2678 nihil
587 2632 629 2679 est
637 2634 674 2690 te,
684 2626 815 2689 Naevole,
824 2628 916 2692 peius;
932 2628 1026 2678 eodem

432 2702 554 2754 sollicito
564 2700 633 2752 nihil
644 2708 693 2764 est,
702 2701 832 2762 Naevole,
843 2706 870 2752 te
879 2702 985 2753 melius.

395 2775 520 2839 Securus,
529 2777 632 2827 nullum
643 2778 787 2841 resalutas,
799 2775 922 2847 despicis
936 2794 1047 2832 omnes.

418 2863 472 2897 nec
480 2851 624 2915 quisquam
634 2851 716 2918 liber,
727 2870 781 2908 nec
792 2855 848 2909 tibi
859 2855 1063 2930 gratushomo
1077 2857 1134 2904 est.
