2750 3450
351 402 403 456 226
642 407 850 455 »ilarionis

351 530 445 582 Natali
456 528 558 596 pallere
568 546 627 592 sno,
637 547 671 581 ne
682 531 762 582 calda
773 530 884 582 Sabello

389 606 469 667 desit,
478 610 506 655 et
515 610 545 655 ut
554 604 686 671 liquidum
697 613 775 671 potet
783 606 1014 670 Alauda-eru,

349 680 461 731 turbida
470 679 591 731 sollicito
601 682 785 731 transmittere
796 680 924 731 caecum
932 696 1030 745 sanem

388 761 469 821 atque
478 755 549 805 inter
558 769 665 805 mensas
674 756 725 816 ire,
734 755 824 807 redire
832 769 911 818 mm

350 831 475 896 excipere
485 826 545 892 hos,
554 829 629 892 illos,
639 835 667 879 et
675 835 736 879 tota
745 844 855 896 surgere
866 843 963 893 coena,

387 918 525 955 marmora
534 903 683 954 calcantem
693 903 841 970 {rigidiora
849 903 928 970 gelu:

349 994 421 1046 quae
431 980 503 1030 ratio
514 985 564 1041 est,
574 976 643 1029 haec
653 985 749 1045 sponte
758 983 808 1029 tua
816 977 937 1044 perterre
945 979 1070 1048 patique,

388 1069 457 1122 quae
467 1059 494 1104 te
505 1054 529 1104 si
537 1053 631 1104 inient
638 1067 688 1104 rex
698 1052 886 1119 dominusque,
896 1052 999 1120 neges!

620 1192 656 1232 Ol.
680 1190 721 1232 De
740 1190 868 1243 Lis-m

423 1280 533 1345 Versus,
545 1288 572 1333 et
581 1283 663 1334 breve
672 1283 846 1349 vividumque
857 1298 968 1335 carmen

422 1357 451 1407 ln
460 1362 487 1407 te
497 1372 531 1407 ne
540 1355 650 1418 faciam,
659 1358 751 1420 times,
762 1356 893 1424 Ligurm

421 1436 450 1482 et
459 1430 556 1497 dignus
566 1431 643 1498 cupis
652 1428 706 1483 hoc
716 1437 789 1483 metu
798 1432 900 1483 viderit

422 1504 470 1556 sed
480 1504 581 1557 frustm
590 1507 698 1569 metuis,
710 1507 839 1573 cupisque
848 1505 962 1558 frustra.

421 1579 452 1630 ln
461 1586 557 1632 tauros
568 1579 668 1647 Libyci
677 1579 795 1632 fremunt
803 1581 912 1644 leonem

421 1670 477 1706 uon
487 1661 549 1706 sunt
558 1655 745 1723 papilionibus
755 1655 873 1707 molesti.

423 1730 554 1794 Quaeras,
566 1745 672 1795 censeo,
683 1730 773 1799 allegi
785 1730 906 1793 laboras,

421 1805 492 1872 nigri
502 1804 617 1857 fornicis
627 1803 731 1858 ebrium
742 1811 866 1872 poetam3

422 1881 469 1947 qui
479 1881 597 1931 carbone
607 1880 678 1944 rudi,
689 1881 815 1948 putrique
825 1888 900 1931 creta

421 1955 518 2006 scribit
528 1956 657 2018 carmina,
667 1969 738 2022 quae
748 1955 841 2022 legunt
850 1960 988 2006 cocantes.

420 2028 508 2080 Frons
519 2028 587 2081 haec
596 2029 724 2097 stigmate
733 2044 790 2081 non
799 2043 861 2080 meo
872 2029 998 2081 notanda
1008 2038 1059 2084 est.

429 2165 463 2206 62
487 2162 526 2205 ΔΙ
546 2162 696 2205 Saturnum
715 2172 767 2216 pro
786 2163 886 2205 Prisce
905 2159 1059 2208 Terentio.

346 2258 457 2324 Antiqui
468 2271 516 2308 rex
525 2271 622 2323 magne
633 2255 701 2323 poli,
711 2255 858 2323 mundique
867 2254 980 2322 prioris,

385 2332 434 2383 sub
446 2347 499 2399 qno
510 2332 589 2398 pigra
599 2332 685 2397 quies,
696 2346 746 2381 nec
755 2332 835 2382 labor
844 2329 917 2381 ullus
927 2335 999 2393 erat,

345 2423 396 2458 uec
404 2406 495 2474 regale
506 2407 587 2457 nimis
597 2404 708 2468 fulmen,
719 2420 769 2457 nec
779 2405 891 2456 fulmine
902 2404 998 2471 digna,

383 2482 470 2532 scissa
479 2496 529 2532 nec
539 2481 574 2532 ad
583 2480 688 2544 Manes,
700 2479 748 2531 sed
759 2481 813 2531 sita
823 2480 899 2530 dives
909 2477 1025 2530 humust

345 2556 433 2607 laetus
444 2556 478 2606 ad
489 2554 557 2607 haec
567 2554 713 2621 facilisque
722 2556 785 2605 veni
795 2554 941 2605 sollemnia
950 2552 1043 2606 Prisci

382 2630 497 2697 gaudia;
512 2645 572 2682 cum
581 2631 668 2681 sacris
678 2635 706 2680 te
717 2630 795 2682 decet
806 2643 865 2680 esse
874 2629 940 2679 tuis.

346 2706 389 2755 Tu
399 2706 523 2757 reducem
533 2706 641 2771 patriae
650 2710 739 2767 sexta,
748 2710 826 2770 pater
837 2704 949 2769 optime,
959 2704 1060 2757 bruma

383 2779 493 2845 pacifici
502 2779 585 2830 Latio
595 2778 688 2831 reddis
699 2780 734 2829 ab
744 2780 811 2829 urbe
820 2776 935 2829 Numae.

346 2854 441 2905 Cernis
451 2860 481 2904 ut
490 2854 611 2906 Ausonio
623 2852 723 2905 similis
731 2853 784 2905 tibi
793 2867 895 2919 pompa
903 2853 1024 2907 macello

274 2929 505 3021 *pendeat
517 2935 545 2985 et
556 2934 675 3002 quantus
682 2927 834 2982 luxurietur
842 2925 948 2979 tonost

238 3045 242 3088 ι
