2750 3450
386 374 436 427 3⁸4
536 374 790 422 DlVERSORUM
816 374 1033 422 POETARUM

479 504 578 561 castas,
589 496 729 549 Pieridum
739 490 859 561 chorum,
869 513 980 550 sorores

478 589 545 625 auso
557 573 653 624 (lucere
663 573 810 623 mentulam
821 573 856 624 ad
866 571 970 639 Priapi.

477 648 550 715 Ergo
563 647 696 714 quidquid
707 647 736 698 id
747 653 796 710 est,
808 647 881 714 quod
893 649 1002 699 otiosus

476 722 571 789 templi
581 721 732 788 parietibus
742 722 783 772 tui
792 722 896 785 notavi,

477 799 506 848 in
516 801 621 864 partem
632 796 753 863 accipias
762 795 872 860 bonam,
882 810 1025 864 rogamus.

701 920 721 959 2.
747 916 859 971 (ovidii.)

715 989 846 1044 Priapus.

388 1077 509 1128 Obscure
519 1081 642 1142 poteram
652 1074 706 1126 tihi
715 1074 815 1138 dicere,
826 1073 862 1124 da
870 1071 947 1138 mihi,
959 1076 1035 1142 quod
1044 1083 1078 1129 tu

425 1152 474 1202 des
483 1151 548 1201 lieet
558 1151 675 1212 assidue,
685 1149 725 1200 nil
734 1153 827 1200 tamen
835 1148 899 1199 inde
909 1151 989 1215 perit.

387 1226 432 1276 Do
442 1223 517 1287 mihi,
529 1225 602 1291 quod
613 1225 705 1291 cupies
715 1222 818 1275 frustm
827 1223 893 1274 dare
902 1222 1023 1276 forsitan
1033 1226 1115 1292 olim,

425 1301 488 1351 dum
497 1305 572 1350 tenet
582 1301 707 1351 obsessas
716 1298 811 1350 invida
819 1297 907 1348 barba
919 1313 1021 1364 genas3

389 1374 516 1441 quodque
525 1373 586 1425 lovi
596 1374 716 1435 dederat,
728 1373 783 1439 qui,
793 1377 887 1438 raptus
899 1372 934 1424 ab
944 1373 1013 1426 alite
1023 1389 1117 1440 saera,

426 1450 522 1500 miscet
532 1449 648 1499 amatori
658 1446 759 1513 poeula
768 1452 848 1513 grata
862 1462 927 1509 suo;

390 1524 463 1590 quod
473 1524 550 1590 virgo
561 1524 650 1589 prima
661 1520 760 1588 cupide
772 1521 820 1572 dat
829 1526 909 1573 noete
918 1523 1032 1587 marito,

426 1599 488 1649 dum
499 1599 577 1649 timet
587 1598 699 1649 alterius
709 1597 805 1647 vulnus
814 1596 909 1662 inepta
917 1595 984 1647 loei.

390 1671 547 1739 Simplicius
557 1673 642 1724 multo
654 1677 704 1735 est,
715 1671 751 1723 (la
760 1671 914 1738 paedieare,
925 1669 1028 1724 Latine

427 1749 531 1810 dicere3
547 1748 611 1814 quid
621 1746 739 1799 faeiami
759 1746 858 1798 crassa
866 1745 995 1799 Minerva
1008 1763 1074 1800 men
1084 1754 1134 1802 est.

661 1856 681 1894 3.
707 1850 747 1892 Al
765 1850 906 1905 Priapum.

480 1931 631 1983 Obseoenis
641 1930 731 1998 rigido
744 1930 794 1983 (leo
808 1921 926 1983 tabella's

481 2007 581 2057 ducens
592 2021 625 2057 ex
635 2004 833 2071 Elephantidos
843 2005 955 2070 libellis,

481 2082 529 2132 dat
538 2082 638 2132 donum
648 2079 766 2147 Lalage:
781 2085 923 2147 rogatque,
933 2086 1034 2145 tentes,

480 2158 504 2206 si
515 2157 603 2222 pietas
615 2171 682 2222 epus
694 2154 758 2204 edat
767 2154 802 2205 ad
813 2155 922 2222 figuras.

677 2263 698 2301 4.
722 2258 894 2313 Del'riapo.

391 2338 477 2399 Quam
488 2352 571 2403 puero
582 2337 668 2404 legem
679 2334 765 2391 fertur
773 2335 875 2385 dixisse
884 2333 1012 2400 Priapus,

426 2413 548 2463 versibus
558 2408 604 2462 hie
612 2409 685 2462 infra
696 2411 799 2477 scripta
808 2407 915 2461 duobus
925 2411 992 2461 erit:

390 2488 463 2554 quod
474 2502 549 2538 meus
558 2484 652 2536 hornis
663 2484 753 2547 habet,
764 2500 855 2535 sumas
864 2485 984 2549 impune,
995 2485 1105 2555 licebit,

426 2563 450 2612 si
460 2560 566 2612 dederis
576 2559 665 2622 nobis,
677 2561 751 2626 quod
760 2565 822 2610 tuns
832 2558 927 2610 hortus
937 2558 1031 2613 habet.

695 2670 715 2707 5.
739 2665 869 2719 Priapus.

481 2741 563 2807 Quod
574 2759 635 2797 sum
641 2742 802 2813 ligneumui
807 2741 896 2803 oues,
902 2740 1032 2809 Priapus,

475 2829 506 2877 et
517 2822 580 2877 falx
588 2823 701 2894 lignea,
706 2820 874 2889 ligneusuue
880 2815 976 2877 perus.

240 2903 402 2997 a
469 2904 664 2975 prendamus
674 2906 790 2959 tamen,
799 2885 1099 2947 eiieueoopreusaxm
