2750 3450
516 397 566 444 DE
593 397 864 446 semoventis.

460 552 493 592 15.
525 548 564 592 De
580 550 763 606 Carpophoro
777 557 920 593 venatore.

297 640 408 692 Summa
417 647 490 705 tuae,
500 639 646 709 Mlieagre,
659 642 712 694 fuit
722 659 790 709 qnae
801 643 890 710 gloria
900 642 998 707 famae,

334 716 464 781 quantula
475 715 646 782 Carpophori
656 719 758 783 portio,
767 717 842 768 fusus
854 715 929 784 aperi

296 789 345 840 ille
356 796 383 840 et
392 791 536 855 praecipiti
547 791 682 842 venabula
693 792 815 842 condidit
824 807 898 853 urso,

332 864 434 929 primns
444 865 473 914 in
483 865 576 914 Arctoi
588 866 632 930 qui
644 864 697 915 init
707 881 768 915 arce
778 866 847 930 poli:

295 938 393 988 stravit
403 945 429 989 et
437 940 534 1004 ignota
543 940 718 1004 spectandum
729 940 801 989 mole
812 940 926 1002 leonem,

332 1011 481 1063 Herculeae
491 1014 582 1078 potuit
593 1015 639 1079 qui
651 1014 773 1065 decuisse
783 1029 891 1074 manum
918 1070 920 1073 ,

294 1091 321 1135 et
330 1086 468 1137 volucrem
479 1087 562 1154 longo
573 1089 696 1153 porrexit
705 1088 815 1139 vulnere
824 1087 946 1154 pardum.

331 1159 458 1212 Praemia
469 1176 528 1210 cum
539 1161 629 1214 laudis
639 1161 731 1225 ferret,
742 1160 831 1213 adhuc
839 1167 955 1229 poterat.

310 1299 342 1338 tt.
363 1297 403 1338 De
419 1297 540 1340 Hercule
555 1299 701 1342 insidente
716 1303 796 1342 tauro
812 1300 845 1341 ad
860 1299 964 1342 coelum
979 1307 1068 1356 rapto.

297 1387 398 1455 Raptus
410 1389 565 1440 abitmedia
575 1392 648 1457 qnod
659 1391 695 1443 ad
706 1391 816 1444 aethera
829 1398 924 1444 taurus
937 1408 1028 1457 arena,

332 1479 387 1514 non
397 1463 449 1513 fuit
459 1461 511 1514 hoc
522 1466 597 1528 artis,
608 1467 656 1516 sed
667 1469 777 1532 pietatis
789 1483 865 1532 opus.

298 1536 415 1588 Venerat
424 1537 551 1603 Europen
561 1538 681 1591 fraterna
696 1557 743 1608 per
754 1556 874 1607 aequora
883 1547 991 1604 taurum

333 1618 362 1661 at
371 1628 442 1662 nuno
450 1612 562 1664 Alciden
572 1621 667 1666 taurus
676 1617 704 1666 in
716 1622 790 1666 astra
799 1616 870 1666 tulit.

296 1684 423 1738 Caesaris
434 1694 514 1753 atquc
525 1686 598 1740 lovis
608 1688 702 1741 confer
712 1705 782 1741 minc
796 1688 918 1741 schema:
938 1691 1045 1742 iuvenci

332 1776 383 1826 par
393 1777 460 1813 onus
471 1769 500 1812 ut
509 1763 633 1826 tulerint3
655 1765 736 1815 altius
746 1766 798 1816 iste
807 1766 878 1815 tulit.

477 1904 509 1943 1³.
535 1900 904 1957 lieauppliceelophante.
996 1944 999 1958 ,
1029 1909 1032 1917 ’

296 1993 377 2054 Quod
388 1995 450 2061 pius
461 2002 486 2048 ct
496 1995 609 2061 supplex
620 1993 730 2062 clephas
740 2002 775 2058 te,
787 1995 896 2059 Caesar,
912 1997 1018 2058 adorat,

331 2067 376 2119 hic
386 2070 469 2122 modo
480 2072 524 2137 qui
536 2077 615 2121 tauro
625 2075 681 2120 tarn
694 2071 851 2121 metuendus
866 2079 936 2122 erat:

293 2158 348 2193 non
359 2144 427 2195 facit
437 2142 489 2196 hoc
498 2146 596 2207 iussus,
607 2144 737 2211 nulloque
748 2145 861 2195 docente
871 2147 1016 2211 magistro:

330 2218 409 2269 crede
419 2217 495 2282 mihi,
504 2234 601 2270 numen
612 2220 695 2270 sentit
704 2225 732 2270 et
740 2219 788 2270 illc
797 2226 881 2269 tuum.

507 2360 540 2399 ta.
564 2356 603 2399 De
618 2356 723 2409 tigride
739 2363 765 2399 ct
779 2355 870 2401 leone.

294 2447 429 2500 Lambere
440 2450 528 2501 securi
539 2450 661 2500 dextram
672 2456 803 2501 consueta
812 2449 935 2517 magistri

330 2524 419 2589 tigria,
431 2524 465 2574 ab
475 2523 606 2589 Hyrcano
618 2525 707 2591 gloria
716 2539 780 2574 rara
789 2525 863 2591 iugo,

292 2612 377 2648 saeva
387 2596 473 2648 ferum
484 2598 581 2648 rabido
592 2598 723 2648 laceravit
733 2598 811 2649 dente
822 2599 940 2649 leonem=

330 2687 375 2722 res
385 2687 467 2736 nova,
478 2687 533 2722 non
543 2672 607 2723 ullis
619 2672 729 2739 cognita
739 2673 913 2738 temporibus.

295 2746 367 2797 Ausa
378 2752 420 2797 est
430 2748 485 2799 tale
496 2744 573 2810 nihil,
585 2747 661 2797 silvis
673 2746 735 2796 dnm
746 2747 815 2797 vixit
824 2747 852 2797 in
863 2747 938 2797 altis:

330 2826 475 2887 postquam
486 2822 557 2871 inter
566 2837 616 2872 nos
627 2826 677 2884 est,
687 2820 748 2887 pina
758 2820 873 2871 feritatis
885 2820 976 2871 hahet.
994 2817 998 2844 ·’
