<?xml version="1.0" encoding="UTF-8"?>
<!DOCTYPE html PUBLIC "-//W3C//DTD XHTML 1.0 Transitional//EN"
    "http://www.w3.org/TR/xhtml1/DTD/xhtml1-transitional.dtd">
<html xmlns="http://www.w3.org/1999/xhtml" xml:lang="en" lang="en">
 <head>
  <title>
</title>
<meta http-equiv="Content-Type" content="text/html;charset=utf-8" />
  <meta name='ocr-system' content='tesseract 3.04.00' />
  <meta name='ocr-capabilities' content='ocr_page ocr_carea ocr_par ocr_line ocrx_word'/>
</head>
<body>
  <div class='ocr_page' id='page_1' title='image "./mvaleriimartial03martgoog_0237.png"; bbox 0 0 2750 3450; ppageno 0'>
   <div class='ocr_carea' id='block_1_1' title="bbox 628 382 848 431">
    <p class='ocr_par' dir='ltr' id='par_1_1' title="bbox 628 382 848 431">
     <span class='ocr_line' id='line_1_1' title="bbox 628 382 848 431; baseline 0.005 -1"><span class='ocrx_word' id='word_1_1' title='bbox 628 382 848 431; x_wconf 78' lang='lat' dir='ltr'><strong>MARTIALIS</strong></span> 
     </span>
    </p>
   </div>
   <div class='ocr_carea' id='block_1_2' title="bbox 432 506 1025 875">
    <p class='ocr_par' dir='ltr' id='par_1_2' title="bbox 432 506 982 711">
     <span class='ocr_line' id='line_1_2' title="bbox 433 506 982 574; baseline -0.002 -13"><span class='ocrx_word' id='word_1_2' title='bbox 433 508 478 561; x_wconf 90' lang='lat' dir='ltr'><strong>det</strong></span> <span class='ocrx_word' id='word_1_3' title='bbox 488 506 590 559; x_wconf 79' lang='lat' dir='ltr'><strong>Stellae</strong></span> <span class='ocrx_word' id='word_1_4' title='bbox 599 508 688 559; x_wconf 85' lang='lat' dir='ltr'><strong>bonus</strong></span> <span class='ocrx_word' id='word_1_5' title='bbox 703 514 858 574; x_wconf 83' lang='lat' dir='ltr'><strong>annuatque</strong></span> <span class='ocrx_word' id='word_1_6' title='bbox 869 508 982 561; x_wconf 79' lang='lat' dir='ltr'><strong>Caesar.</strong></span> 
     </span>
     <span class='ocr_line' id='line_1_3' title="bbox 432 583 903 650; baseline 0.004 -17"><span class='ocrx_word' id='word_1_7' title='bbox 432 583 512 634; x_wconf 85' lang='lat' dir='ltr'><strong>Felix</strong></span> <span class='ocrx_word' id='word_1_8' title='bbox 522 589 585 633; x_wconf 86' lang='lat' dir='ltr'><strong>tunc</strong></span> <span class='ocrx_word' id='word_1_9' title='bbox 596 598 656 649; x_wconf 83' lang='lat' dir='ltr'><strong>ego,</strong></span> <span class='ocrx_word' id='word_1_10' title='bbox 671 583 833 650; x_wconf 87' lang='lat' dir='ltr'><strong>debitorque</strong></span> <span class='ocrx_word' id='word_1_11' title='bbox 843 584 903 635; x_wconf 90' lang='lat' dir='ltr'><strong>voti</strong></span> 
     </span>
     <span class='ocr_line' id='line_1_4' title="bbox 432 659 869 711; baseline -0.005 0"><span class='ocrx_word' id='word_1_12' title='bbox 432 673 558 711; x_wconf 81' lang='lat' dir='ltr'><strong>casurum</strong></span> <span class='ocrx_word' id='word_1_13' title='bbox 568 659 620 708; x_wconf 84' lang='lat' dir='ltr'><strong>tibi</strong></span> <span class='ocrx_word' id='word_1_14' title='bbox 629 659 748 708; x_wconf 84' lang='lat' dir='ltr'><strong>rusticas</strong></span> <span class='ocrx_word' id='word_1_15' title='bbox 760 659 795 709; x_wconf 91' lang='lat' dir='ltr'><strong>ad</strong></span> <span class='ocrx_word' id='word_1_16' title='bbox 806 674 869 710; x_wconf 84' lang='lat' dir='ltr'><strong>aras</strong></span> 
     </span>
    </p>

    <p class='ocr_par' dir='ltr' id='par_1_3' title="bbox 432 733 938 786">
     <span class='ocr_line' id='line_1_5' title="bbox 432 733 938 786; baseline -0.006 0"><span class='ocrx_word' id='word_1_17' title='bbox 432 734 529 786; x_wconf 87' lang='lat' dir='ltr'><strong>ducam</strong></span> <span class='ocrx_word' id='word_1_18' title='bbox 542 733 671 785; x_wconf 80' lang='lat' dir='ltr'><strong>cornibus</strong></span> <span class='ocrx_word' id='word_1_19' title='bbox 683 735 774 784; x_wconf 82' lang='lat' dir='ltr'><strong>aureis</strong></span> <span class='ocrx_word' id='word_1_20' title='bbox 784 734 938 785; x_wconf 88' lang='lat' dir='ltr'><strong>iuvencum.</strong></span> 
     </span>
    </p>

    <p class='ocr_par' dir='ltr' id='par_1_4' title="bbox 433 806 1025 875">
     <span class='ocr_line' id='line_1_6' title="bbox 433 806 1025 875; baseline 0.002 -15"><span class='ocrx_word' id='word_1_21' title='bbox 433 808 506 860; x_wconf 91' lang='lat' dir='ltr'><strong>Nata</strong></span> <span class='ocrx_word' id='word_1_22' title='bbox 517 813 558 858; x_wconf 83' lang='lat' dir='ltr'><strong>est</strong></span> <span class='ocrx_word' id='word_1_23' title='bbox 567 806 668 870; x_wconf 78' lang='lat' dir='ltr'><strong>hostia,</strong></span> <span class='ocrx_word' id='word_1_24' title='bbox 678 807 799 872; x_wconf 87' lang='lat' dir='ltr'><strong>Phoebe,</strong></span> <span class='ocrx_word' id='word_1_25' title='bbox 813 809 878 875; x_wconf 93' lang='lat' dir='ltr'><strong>quid</strong></span> <span class='ocrx_word' id='word_1_26' title='bbox 888 807 1025 861; x_wconf 60' lang='lat' dir='ltr'><strong>moraris?</strong></span> 
     </span>
    </p>
   </div>
   <div class='ocr_carea' id='block_1_3' title="bbox 550 912 930 956">
    <p class='ocr_par' dir='ltr' id='par_1_5' title="bbox 550 912 930 956">
     <span class='ocr_line' id='line_1_7' title="bbox 550 912 930 956; baseline 0 0"><span class='ocrx_word' id='word_1_27' title='bbox 550 917 585 956; x_wconf 77' lang='lat'><strong>44.</strong></span> <span class='ocrx_word' id='word_1_28' title='bbox 610 914 649 956; x_wconf 88' lang='lat' dir='ltr'><strong>De</strong></span> <span class='ocrx_word' id='word_1_29' title='bbox 669 917 766 955; x_wconf 74' lang='lat' dir='ltr'><strong>statu·</strong></span> <span class='ocrx_word' id='word_1_30' title='bbox 785 912 930 956; x_wconf 76' lang='lat' dir='ltr'><strong>Herculis·</strong></span> 
     </span>
    </p>
   </div>
   <div class='ocr_carea' id='block_1_4' title="bbox 340 990 1075 2024">
    <p class='ocr_par' dir='ltr' id='par_1_6' title="bbox 341 990 961 1133">
     <span class='ocr_line' id='line_1_8' title="bbox 341 990 961 1058; baseline 0 -15"><span class='ocrx_word' id='word_1_31' title='bbox 341 993 405 1055; x_wconf 89' lang='lat' dir='ltr'><strong>Hic,</strong></span> <span class='ocrx_word' id='word_1_32' title='bbox 417 993 464 1058; x_wconf 92' lang='lat' dir='ltr'><strong>qui</strong></span> <span class='ocrx_word' id='word_1_33' title='bbox 475 992 544 1042; x_wconf 88' lang='lat' dir='ltr'><strong>dura</strong></span> <span class='ocrx_word' id='word_1_34' title='bbox 553 990 649 1042; x_wconf 81' lang='lat' dir='ltr'><strong>sedens</strong></span> <span class='ocrx_word' id='word_1_35' title='bbox 660 996 788 1057; x_wconf 85' lang='lat' dir='ltr'><strong>porrecto</strong></span> <span class='ocrx_word' id='word_1_36' title='bbox 800 1001 869 1041; x_wconf 84' lang='lat' dir='ltr'><strong>saxa</strong></span> <span class='ocrx_word' id='word_1_37' title='bbox 879 990 961 1043; x_wconf 90' lang='lat' dir='ltr'><strong>leone</strong></span> 
     </span>
     <span class='ocr_line' id='line_1_9' title="bbox 378 1066 924 1133; baseline -0.005 -14"><span class='ocrx_word' id='word_1_38' title='bbox 378 1069 489 1133; x_wconf 86' lang='lat' dir='ltr'><strong>mitigat</strong></span> <span class='ocrx_word' id='word_1_39' title='bbox 498 1066 598 1133; x_wconf 80' lang='lat' dir='ltr'><strong>exiguo</strong></span> <span class='ocrx_word' id='word_1_40' title='bbox 609 1081 724 1132; x_wconf 79' lang='lat' dir='ltr'><strong>magnus</strong></span> <span class='ocrx_word' id='word_1_41' title='bbox 733 1067 762 1116; x_wconf 91' lang='lat' dir='ltr'><strong>in</strong></span> <span class='ocrx_word' id='word_1_42' title='bbox 773 1081 836 1117; x_wconf 85' lang='lat' dir='ltr'><strong>aere</strong></span> <span class='ocrx_word' id='word_1_43' title='bbox 847 1066 924 1129; x_wconf 84' lang='lat' dir='ltr'><strong>deus,</strong></span> 
     </span>
    </p>

    <p class='ocr_par' dir='ltr' id='par_1_7' title="bbox 342 1141 1006 1279">
     <span class='ocr_line' id='line_1_10' title="bbox 342 1141 1006 1211; baseline 0 -17"><span class='ocrx_word' id='word_1_44' title='bbox 342 1157 466 1211; x_wconf 91' lang='lat' dir='ltr'><strong>quaeque</strong></span> <span class='ocrx_word' id='word_1_45' title='bbox 475 1141 547 1202; x_wconf 91' lang='lat' dir='ltr'><strong>tulit,</strong></span> <span class='ocrx_word' id='word_1_46' title='bbox 558 1146 665 1206; x_wconf 84' lang='lat' dir='ltr'><strong>spectat</strong></span> <span class='ocrx_word' id='word_1_47' title='bbox 674 1142 804 1208; x_wconf 77' lang='lat' dir='ltr'><strong>resupino</strong></span> <span class='ocrx_word' id='word_1_48' title='bbox 816 1142 909 1192; x_wconf 80' lang='lat' dir='ltr'><strong>sidera</strong></span> <span class='ocrx_word' id='word_1_49' title='bbox 918 1142 1006 1207; x_wconf 82' lang='lat' dir='ltr'><strong>vultu,</strong></span> 
     </span>
     <span class='ocr_line' id='line_1_11' title="bbox 379 1216 960 1279; baseline -0.005 -10"><span class='ocrx_word' id='word_1_50' title='bbox 379 1219 456 1269; x_wconf 79' lang='lat' dir='ltr'><strong>errius</strong></span> <span class='ocrx_word' id='word_1_51' title='bbox 467 1216 547 1266; x_wconf 86' lang='lat' dir='ltr'><strong>laeva</strong></span> <span class='ocrx_word' id='word_1_52' title='bbox 558 1216 630 1266; x_wconf 86' lang='lat' dir='ltr'><strong>calet</strong></span> <span class='ocrx_word' id='word_1_53' title='bbox 639 1217 750 1279; x_wconf 82' lang='lat' dir='ltr'><strong>robore,</strong></span> <span class='ocrx_word' id='word_1_54' title='bbox 762 1217 859 1267; x_wconf 88' lang='lat' dir='ltr'><strong>dextra</strong></span> <span class='ocrx_word' id='word_1_55' title='bbox 869 1233 960 1268; x_wconf 83' lang='lat' dir='ltr'><strong>mero:</strong></span> 
     </span>
    </p>

    <p class='ocr_par' dir='ltr' id='par_1_8' title="bbox 340 1290 1008 1433">
     <span class='ocr_line' id='line_1_12' title="bbox 340 1290 1008 1358; baseline -0.001 -13"><span class='ocrx_word' id='word_1_56' title='bbox 340 1309 397 1345; x_wconf 89' lang='lat' dir='ltr'><strong>non</strong></span> <span class='ocrx_word' id='word_1_57' title='bbox 407 1299 449 1343; x_wconf 83' lang='lat' dir='ltr'><strong>est</strong></span> <span class='ocrx_word' id='word_1_58' title='bbox 458 1290 533 1341; x_wconf 83' lang='lat' dir='ltr'><strong>fama</strong></span> <span class='ocrx_word' id='word_1_59' title='bbox 543 1305 647 1353; x_wconf 81' lang='lat' dir='ltr'><strong>recens,</strong></span> <span class='ocrx_word' id='word_1_60' title='bbox 657 1307 708 1342; x_wconf 90' lang='lat' dir='ltr'><strong>nec</strong></span> <span class='ocrx_word' id='word_1_61' title='bbox 718 1291 806 1342; x_wconf 76' lang='lat' dir='ltr'><strong>nostri</strong></span> <span class='ocrx_word' id='word_1_62' title='bbox 818 1291 911 1358; x_wconf 84' lang='lat' dir='ltr'><strong>gloria</strong></span> <span class='ocrx_word' id='word_1_63' title='bbox 921 1293 1008 1344; x_wconf 86' lang='lat' dir='ltr'><strong>coeli:</strong></span> 
     </span>
     <span class='ocr_line' id='line_1_13' title="bbox 379 1365 940 1433; baseline -0.004 -15"><span class='ocrx_word' id='word_1_64' title='bbox 379 1366 472 1418; x_wconf 90' lang='lat' dir='ltr'><strong>nobile</strong></span> <span class='ocrx_word' id='word_1_65' title='bbox 483 1365 602 1432; x_wconf 83' lang='lat' dir='ltr'><strong>Lysippi</strong></span> <span class='ocrx_word' id='word_1_66' title='bbox 611 1381 709 1416; x_wconf 79' lang='lat' dir='ltr'><strong>munus</strong></span> <span class='ocrx_word' id='word_1_67' title='bbox 721 1381 844 1433; x_wconf 84' lang='lat' dir='ltr'><strong>opusque</strong></span> <span class='ocrx_word' id='word_1_68' title='bbox 853 1366 940 1418; x_wconf 81' lang='lat' dir='ltr'><strong>vides.</strong></span> 
     </span>
    </p>

    <p class='ocr_par' dir='ltr' id='par_1_9' title="bbox 341 1440 971 1584">
     <span class='ocr_line' id='line_1_14' title="bbox 341 1440 971 1508; baseline -0.002 -15"><span class='ocrx_word' id='word_1_69' title='bbox 341 1443 405 1493; x_wconf 87' lang='lat' dir='ltr'><strong>Hoc</strong></span> <span class='ocrx_word' id='word_1_70' title='bbox 414 1440 511 1492; x_wconf 83' lang='lat' dir='ltr'><strong>habuit</strong></span> <span class='ocrx_word' id='word_1_71' title='bbox 520 1455 619 1490; x_wconf 90' lang='lat' dir='ltr'><strong>numen</strong></span> <span class='ocrx_word' id='word_1_72' title='bbox 629 1440 735 1494; x_wconf 87' lang='lat' dir='ltr'><strong>Pellaei</strong></span> <span class='ocrx_word' id='word_1_73' title='bbox 744 1457 839 1493; x_wconf 82' lang='lat' dir='ltr'><strong>mensa</strong></span> <span class='ocrx_word' id='word_1_74' title='bbox 847 1443 971 1508; x_wconf 87' lang='lat' dir='ltr'><strong>tyranni,</strong></span> 
     </span>
     <span class='ocr_line' id='line_1_15' title="bbox 381 1515 971 1584; baseline 0 -16"><span class='ocrx_word' id='word_1_75' title='bbox 381 1518 428 1584; x_wconf 90' lang='lat' dir='ltr'><strong>qui</strong></span> <span class='ocrx_word' id='word_1_76' title='bbox 438 1517 493 1568; x_wconf 89' lang='lat' dir='ltr'><strong>cito</strong></span> <span class='ocrx_word' id='word_1_77' title='bbox 504 1515 660 1582; x_wconf 91' lang='lat' dir='ltr'><strong>perdomito</strong></span> <span class='ocrx_word' id='word_1_78' title='bbox 670 1517 798 1568; x_wconf 88' lang='lat' dir='ltr'><strong>victorin</strong></span> <span class='ocrx_word' id='word_1_79' title='bbox 811 1517 877 1568; x_wconf 87' lang='lat' dir='ltr'><strong>orbe</strong></span> <span class='ocrx_word' id='word_1_80' title='bbox 887 1518 971 1568; x_wconf 85' lang='lat' dir='ltr'><strong>iacet.</strong></span> 
     </span>
    </p>

    <p class='ocr_par' dir='ltr' id='par_1_10' title="bbox 341 1589 1075 1737">
     <span class='ocr_line' id='line_1_16' title="bbox 341 1589 1075 1659; baseline 0.003 -15"><span class='ocrx_word' id='word_1_81' title='bbox 341 1593 423 1644; x_wconf 90' lang='lat' dir='ltr'><strong>Hunc</strong></span> <span class='ocrx_word' id='word_1_82' title='bbox 433 1608 501 1659; x_wconf 89' lang='lat' dir='ltr'><strong>puer</strong></span> <span class='ocrx_word' id='word_1_83' title='bbox 511 1591 546 1641; x_wconf 91' lang='lat' dir='ltr'><strong>ad</strong></span> <span class='ocrx_word' id='word_1_84' title='bbox 557 1589 680 1657; x_wconf 79' lang='lat' dir='ltr'><strong>Libycas</strong></span> <span class='ocrx_word' id='word_1_85' title='bbox 692 1592 834 1644; x_wconf 85' lang='lat' dir='ltr'><strong>iuraverat</strong></span> <span class='ocrx_word' id='word_1_86' title='bbox 842 1592 987 1643; x_wconf 81' lang='lat' dir='ltr'><strong>Hannibal</strong></span> <span class='ocrx_word' id='word_1_87' title='bbox 999 1608 1075 1646; x_wconf 79' lang='lat' dir='ltr'><strong>aras:</strong></span> 
     </span>
     <span class='ocr_line' id='line_1_17' title="bbox 378 1665 1002 1737; baseline -0.003 -17"><span class='ocrx_word' id='word_1_88' title='bbox 378 1670 498 1720; x_wconf 87' lang='lat' dir='ltr'><strong>iusserat</strong></span> <span class='ocrx_word' id='word_1_89' title='bbox 508 1665 552 1717; x_wconf 87' lang='lat' dir='ltr'><strong>hie</strong></span> <span class='ocrx_word' id='word_1_90' title='bbox 563 1665 667 1718; x_wconf 88' lang='lat' dir='ltr'><strong>Sullam</strong></span> <span class='ocrx_word' id='word_1_91' title='bbox 678 1683 781 1735; x_wconf 90' lang='lat' dir='ltr'><strong>ponere</strong></span> <span class='ocrx_word' id='word_1_92' title='bbox 791 1683 877 1737; x_wconf 81' lang='lat' dir='ltr'><strong>regna</strong></span> <span class='ocrx_word' id='word_1_93' title='bbox 885 1673 1002 1719; x_wconf 87' lang='lat' dir='ltr'><strong>trucem.</strong></span> 
     </span>
    </p>

    <p class='ocr_par' dir='ltr' id='par_1_11' title="bbox 344 1743 962 1888">
     <span class='ocr_line' id='line_1_18' title="bbox 344 1743 962 1808; baseline -0.002 -12"><span class='ocrx_word' id='word_1_94' title='bbox 344 1744 472 1798; x_wconf 81' lang='lat' dir='ltr'><strong>Offensus</strong></span> <span class='ocrx_word' id='word_1_95' title='bbox 482 1743 576 1795; x_wconf 88' lang='lat' dir='ltr'><strong>variae</strong></span> <span class='ocrx_word' id='word_1_96' title='bbox 585 1744 699 1794; x_wconf 84' lang='lat' dir='ltr'><strong>tumidis</strong></span> <span class='ocrx_word' id='word_1_97' title='bbox 709 1744 860 1796; x_wconf 81' lang='lat' dir='ltr'><strong>terroribus</strong></span> <span class='ocrx_word' id='word_1_98' title='bbox 872 1744 962 1808; x_wconf 86' lang='lat' dir='ltr'><strong>aulae,</strong></span> 
     </span>
     <span class='ocr_line' id='line_1_19' title="bbox 380 1818 946 1888; baseline -0.004 -16"><span class='ocrx_word' id='word_1_99' title='bbox 380 1822 504 1888; x_wconf 82' lang='lat' dir='ltr'><strong>privatos</strong></span> <span class='ocrx_word' id='word_1_100' title='bbox 514 1819 616 1887; x_wconf 84' lang='lat' dir='ltr'><strong>gaudet</strong></span> <span class='ocrx_word' id='word_1_101' title='bbox 625 1835 697 1871; x_wconf 91' lang='lat' dir='ltr'><strong>nunc</strong></span> <span class='ocrx_word' id='word_1_102' title='bbox 707 1818 833 1872; x_wconf 90' lang='lat' dir='ltr'><strong>habitare</strong></span> <span class='ocrx_word' id='word_1_103' title='bbox 843 1818 946 1871; x_wconf 83' lang='lat' dir='ltr'><strong>Lares:</strong></span> 
     </span>
    </p>

    <p class='ocr_par' dir='ltr' id='par_1_12' title="bbox 344 1894 1048 2024">
     <span class='ocr_line' id='line_1_20' title="bbox 344 1894 1048 1964; baseline 0 -17"><span class='ocrx_word' id='word_1_104' title='bbox 344 1902 427 1964; x_wconf 90' lang='lat' dir='ltr'><strong>utque</strong></span> <span class='ocrx_word' id='word_1_105' title='bbox 437 1896 492 1947; x_wconf 85' lang='lat' dir='ltr'><strong>fuit</strong></span> <span class='ocrx_word' id='word_1_106' title='bbox 503 1896 641 1962; x_wconf 89' lang='lat' dir='ltr'><strong>quondam</strong></span> <span class='ocrx_word' id='word_1_107' title='bbox 652 1895 757 1962; x_wconf 87' lang='lat' dir='ltr'><strong>placidi</strong></span> <span class='ocrx_word' id='word_1_108' title='bbox 768 1896 885 1946; x_wconf 86' lang='lat' dir='ltr'><strong>conviva</strong></span> <span class='ocrx_word' id='word_1_109' title='bbox 894 1894 1048 1961; x_wconf 86' lang='lat' dir='ltr'><strong>Molorchi,</strong></span> 
     </span>
     <span class='ocr_line' id='line_1_21' title="bbox 380 1970 905 2024; baseline -0.006 0"><span class='ocrx_word' id='word_1_110' title='bbox 380 1973 422 2024; x_wconf 77' lang='lat' dir='ltr'><strong>sic</strong></span> <span class='ocrx_word' id='word_1_111' title='bbox 431 1972 521 2023; x_wconf 89' lang='lat' dir='ltr'><strong>voluit</strong></span> <span class='ocrx_word' id='word_1_112' title='bbox 531 1971 608 2022; x_wconf 88' lang='lat' dir='ltr'><strong>docti</strong></span> <span class='ocrx_word' id='word_1_113' title='bbox 621 1970 747 2023; x_wconf 81' lang='lat' dir='ltr'><strong>Vindicis</strong></span> <span class='ocrx_word' id='word_1_114' title='bbox 758 1986 818 2023; x_wconf 81' lang='lat' dir='ltr'><strong>esse</strong></span> <span class='ocrx_word' id='word_1_115' title='bbox 829 1971 905 2023; x_wconf 80' lang='lat' dir='ltr'><strong>deuo.</strong></span> 
     </span>
    </p>
   </div>
   <div class='ocr_carea' id='block_1_5' title="bbox 571 2066 910 2111">
    <p class='ocr_par' dir='ltr' id='par_1_13' title="bbox 571 2066 910 2111">
     <span class='ocr_line' id='line_1_22' title="bbox 571 2066 910 2111; baseline -0.006 -1"><span class='ocrx_word' id='word_1_116' title='bbox 571 2072 606 2111; x_wconf 76' lang='lat'><strong>45.</strong></span> <span class='ocrx_word' id='word_1_117' title='bbox 631 2066 671 2109; x_wconf 87' lang='lat' dir='ltr'><strong>De</strong></span> <span class='ocrx_word' id='word_1_118' title='bbox 691 2068 786 2110; x_wconf 74' lang='lat' dir='ltr'><strong>euclem</strong></span> <span class='ocrx_word' id='word_1_119' title='bbox 806 2071 910 2110; x_wconf 69' lang='lat' dir='ltr'><strong>statua.</strong></span> 
     </span>
    </p>
   </div>
   <div class='ocr_carea' id='block_1_6' title="bbox 434 2143 1009 2662">
    <p class='ocr_par' dir='ltr' id='par_1_14' title="bbox 434 2143 1009 2590">
     <span class='ocr_line' id='line_1_23' title="bbox 434 2143 934 2218; baseline 0 -22"><span class='ocrx_word' id='word_1_120' title='bbox 434 2145 549 2197; x_wconf 80' lang='lat' dir='ltr'><strong>Alciden</strong></span> <span class='ocrx_word' id='word_1_121' title='bbox 559 2145 643 2197; x_wconf 90' lang='lat' dir='ltr'><strong>modo</strong></span> <span class='ocrx_word' id='word_1_122' title='bbox 653 2143 780 2218; x_wconf 81' lang='lat' dir='ltr'><strong>Vindicis</strong></span> <span class='ocrx_word' id='word_1_123' title='bbox 790 2146 934 2213; x_wconf 84' lang='lat' dir='ltr'><strong>rogabam,</strong></span> 
     </span>
     <span class='ocr_line' id='line_1_24' title="bbox 436 2220 910 2288; baseline 0 -17"><span class='ocrx_word' id='word_1_124' title='bbox 436 2227 509 2273; x_wconf 85' lang='lat' dir='ltr'><strong>esset</strong></span> <span class='ocrx_word' id='word_1_125' title='bbox 519 2222 596 2273; x_wconf 80' lang='lat' dir='ltr'><strong>errius</strong></span> <span class='ocrx_word' id='word_1_126' title='bbox 608 2236 676 2287; x_wconf 85' lang='lat' dir='ltr'><strong>opus</strong></span> <span class='ocrx_word' id='word_1_127' title='bbox 688 2221 822 2288; x_wconf 84' lang='lat' dir='ltr'><strong>laborque</strong></span> <span class='ocrx_word' id='word_1_128' title='bbox 833 2220 910 2272; x_wconf 82' lang='lat' dir='ltr'><strong>felix.</strong></span> 
     </span>
     <span class='ocr_line' id='line_1_25' title="bbox 436 2294 963 2362; baseline 0.002 -16"><span class='ocrx_word' id='word_1_129' title='bbox 436 2296 509 2348; x_wconf 82' lang='lat' dir='ltr'><strong>Risit</strong></span> <span class='ocrx_word' id='word_1_130' title='bbox 519 2300 592 2361; x_wconf 84' lang='lat' dir='ltr'><strong>(nam</strong></span> <span class='ocrx_word' id='word_1_131' title='bbox 605 2296 676 2347; x_wconf 84' lang='lat' dir='ltr'><strong>solet</strong></span> <span class='ocrx_word' id='word_1_132' title='bbox 686 2294 751 2359; x_wconf 91' lang='lat' dir='ltr'><strong>hoc)</strong></span> <span class='ocrx_word' id='word_1_133' title='bbox 762 2296 871 2362; x_wconf 91' lang='lat' dir='ltr'><strong>levique</strong></span> <span class='ocrx_word' id='word_1_134' title='bbox 884 2303 963 2360; x_wconf 86' lang='lat' dir='ltr'><strong>nutu,</strong></span> 
     </span>
     <span class='ocr_line' id='line_1_26' title="bbox 437 2370 978 2438; baseline -0.006 -14"><span class='ocrx_word' id='word_1_135' title='bbox 437 2372 542 2424; x_wconf 87' lang='lat' dir='ltr'><strong>Graece</strong></span> <span class='ocrx_word' id='word_1_136' title='bbox 554 2372 695 2436; x_wconf 92' lang='lat' dir='ltr'><strong>numquid,</strong></span> <span class='ocrx_word' id='word_1_137' title='bbox 707 2373 755 2433; x_wconf 90' lang='lat' dir='ltr'><strong>ait,</strong></span> <span class='ocrx_word' id='word_1_138' title='bbox 766 2378 858 2438; x_wconf 91' lang='lat' dir='ltr'><strong>poeta,</strong></span> <span class='ocrx_word' id='word_1_139' title='bbox 868 2370 978 2424; x_wconf 69' lang='lat' dir='ltr'><strong>nescio?</strong></span> 
     </span>
     <span class='ocr_line' id='line_1_27' title="bbox 435 2447 1009 2513; baseline 0 -15"><span class='ocrx_word' id='word_1_140' title='bbox 435 2448 571 2513; x_wconf 84' lang='lat' dir='ltr'><strong>inscripta</strong></span> <span class='ocrx_word' id='word_1_141' title='bbox 581 2453 623 2497; x_wconf 90' lang='lat' dir='ltr'><strong>est</strong></span> <span class='ocrx_word' id='word_1_142' title='bbox 632 2447 718 2509; x_wconf 86' lang='lat' dir='ltr'><strong>basis,</strong></span> <span class='ocrx_word' id='word_1_143' title='bbox 729 2448 887 2513; x_wconf 86' lang='lat' dir='ltr'><strong>indicatque</strong></span> <span class='ocrx_word' id='word_1_144' title='bbox 897 2462 1009 2500; x_wconf 84' lang='lat' dir='ltr'><strong>nomeu.</strong></span> 
     </span>
     <span class='ocr_line' id='line_1_28' title="bbox 435 2520 911 2590; baseline 0 -19"><span class='ocrx_word' id='word_1_145' title='bbox 435 2520 580 2571; x_wconf 81' lang='grc' dir='ltr'><strong><em>Λυσίππου</em></strong></span> <span class='ocrx_word' id='word_1_146' title='bbox 589 2522 666 2590; x_wconf 81' lang='lat' dir='ltr'><strong>lego:</strong></span> <span class='ocrx_word' id='word_1_147' title='bbox 679 2520 797 2574; x_wconf 88' lang='lat' dir='ltr'><strong>Phidiae</strong></span> <span class='ocrx_word' id='word_1_148' title='bbox 807 2522 911 2588; x_wconf 86' lang='lat' dir='ltr'><strong>putavi.</strong></span> 
     </span>
    </p>

    <p class='ocr_par' dir='ltr' id='par_1_15' title="bbox 577 2617 907 2662">
     <span class='ocr_line' id='line_1_29' title="bbox 577 2617 907 2662; baseline 0 -1"><span class='ocrx_word' id='word_1_149' title='bbox 577 2622 613 2662; x_wconf 77' lang='lat'><strong>46.</strong></span> <span class='ocrx_word' id='word_1_150' title='bbox 639 2618 681 2661; x_wconf 78' lang='lat' dir='ltr'><strong>Ad</strong></span> <span class='ocrx_word' id='word_1_151' title='bbox 700 2617 907 2662; x_wconf 83' lang='lat' dir='ltr'><strong>llareellinum.</strong></span> 
     </span>
    </p>
   </div>
   <div class='ocr_carea' id='block_1_7' title="bbox 344 2695 1064 2999">
    <p class='ocr_par' dir='ltr' id='par_1_16' title="bbox 344 2695 1064 2838">
     <span class='ocr_line' id='line_1_30' title="bbox 344 2695 1064 2763; baseline 0.003 -16"><span class='ocrx_word' id='word_1_152' title='bbox 344 2696 426 2747; x_wconf 85' lang='lat' dir='ltr'><strong>Miles</strong></span> <span class='ocrx_word' id='word_1_153' title='bbox 436 2696 634 2763; x_wconf 87' lang='lat' dir='ltr'><strong>Hyperboreos</strong></span> <span class='ocrx_word' id='word_1_154' title='bbox 645 2697 739 2759; x_wconf 90' lang='lat' dir='ltr'><strong>modo,</strong></span> <span class='ocrx_word' id='word_1_155' title='bbox 749 2695 921 2760; x_wconf 88' lang='lat' dir='ltr'><strong>Marcelline,</strong></span> <span class='ocrx_word' id='word_1_156' title='bbox 932 2696 1064 2761; x_wconf 85' lang='lat' dir='ltr'><strong>Triones,</strong></span> 
     </span>
     <span class='ocr_line' id='line_1_31' title="bbox 383 2770 888 2838; baseline -0.002 -17"><span class='ocrx_word' id='word_1_157' title='bbox 383 2776 411 2822; x_wconf 87' lang='lat' dir='ltr'><strong>et</strong></span> <span class='ocrx_word' id='word_1_158' title='bbox 422 2770 512 2823; x_wconf 83' lang='lat' dir='ltr'><strong>Getici</strong></span> <span class='ocrx_word' id='word_1_159' title='bbox 520 2772 618 2823; x_wconf 82' lang='lat' dir='ltr'><strong>tuleris</strong></span> <span class='ocrx_word' id='word_1_160' title='bbox 629 2772 722 2823; x_wconf 78' lang='lat' dir='ltr'><strong>sidera</strong></span> <span class='ocrx_word' id='word_1_161' title='bbox 730 2772 811 2838; x_wconf 83' lang='lat' dir='ltr'><strong>pigra</strong></span> <span class='ocrx_word' id='word_1_162' title='bbox 820 2770 888 2837; x_wconf 92' lang='lat' dir='ltr'><strong>poli,</strong></span> 
     </span>
    </p>

    <p class='ocr_par' dir='ltr' id='par_1_17' title="bbox 346 2844 1032 2999">
     <span class='ocr_line' id='line_1_32' title="bbox 346 2844 964 2913; baseline -0.003 -14"><span class='ocrx_word' id='word_1_163' title='bbox 346 2862 409 2899; x_wconf 89' lang='lat' dir='ltr'><strong>ecce</strong></span> <span class='ocrx_word' id='word_1_164' title='bbox 419 2844 598 2899; x_wconf 87' lang='lat' dir='ltr'><strong>Prometheae</strong></span> <span class='ocrx_word' id='word_1_165' title='bbox 608 2862 699 2913; x_wconf 80' lang='lat' dir='ltr'><strong>rupes,</strong></span> <span class='ocrx_word' id='word_1_166' title='bbox 710 2852 738 2898; x_wconf 87' lang='lat' dir='ltr'><strong>et</strong></span> <span class='ocrx_word' id='word_1_167' title='bbox 747 2845 842 2897; x_wconf 81' lang='lat' dir='ltr'><strong>fabula</strong></span> <span class='ocrx_word' id='word_1_168' title='bbox 851 2846 964 2911; x_wconf 83' lang='lat' dir='ltr'><strong>montis,</strong></span> 
     </span>
     <span class='ocr_line' id='line_1_33' title="bbox 380 2921 1032 2999; baseline -0.003 -24"><span class='ocrx_word' id='word_1_169' title='bbox 380 2938 463 2994; x_wconf 87' lang='lat' dir='ltr'><strong>quam</strong></span> <span class='ocrx_word' id='word_1_170' title='bbox 474 2936 563 2993; x_wconf 85' lang='lat' dir='ltr'><strong>prope</strong></span> <span class='ocrx_word' id='word_1_171' title='bbox 574 2927 638 2977; x_wconf 85' lang='lat' dir='ltr'><strong>sunt</strong></span> <span class='ocrx_word' id='word_1_172' title='bbox 647 2922 736 2975; x_wconf 74' lang='lat' dir='ltr'><strong>oculis</strong></span> <span class='ocrx_word' id='word_1_173' title='bbox 746 2937 817 2974; x_wconf 90' lang='lat' dir='ltr'><strong>nunc</strong></span> <span class='ocrx_word' id='word_1_174' title='bbox 827 2921 956 2999; x_wconf 85' lang='lat' dir='ltr'><strong>adeunda</strong></span> <span class='ocrx_word' id='word_1_175' title='bbox 965 2923 1032 2975; x_wconf 77' lang='lat' dir='ltr'><strong>tuin.</strong></span> 
     </span>
    </p>
   </div>
   <div class='ocr_carea' id='block_1_8' title="bbox 0 0 1381 3450">
    <p class='ocr_par' dir='ltr' id='par_1_18' title="bbox 0 0 1381 3450">
     <span class='ocr_line' id='line_1_34' title="bbox 0 0 1381 3450; baseline 0 0"><span class='ocrx_word' id='word_1_176' title='bbox 0 0 1381 3450; x_wconf 95' lang='lat' dir='ltr'><strong> </strong></span> 
     </span>
    </p>
   </div>
  </div>
 </body>
</html>
