2750 3450
341 373 390 423 lat
628 369 843 416 mnarum

344 496 546 562 Quadringenta
557 498 640 556 secat,
652 493 699 560 qui
709 493 777 544 dicit
786 492 850 541 σῦκα
862 484 963 557 stipala

378 587 432 622 uno
445 570 533 620 credis
542 584 612 635 equo
622 583 705 635 posse
714 569 809 619 sedere
818 567 906 620 duest

342 645 416 707 Quid
426 660 484 696 cum
495 643 579 694 fratre
588 643 649 705 tibi,
659 643 725 709 quid
736 659 795 692 cum
805 642 918 694 Polluce
928 643 1076 697 molesto!

379 717 442 770 Non
452 723 523 768 esset
531 716 631 768 Pollux
639 718 665 767 si
673 717 734 778 tibi,
746 717 844 768 Castor
857 732 928 766 eras.

343 793 417 844 Unus
428 809 487 844 cum
498 793 567 855 sitis,
582 792 646 856 duo,
662 790 829 853 Calliodore,
840 791 951 842 sedetis.

380 867 478 934 Surge:
493 866 694 927 soloecismum,
705 865 871 928 Calliodore‚
881 863 962 915 facis.

342 944 395 993 Aut
404 943 511 993 imitare
521 956 605 1008 genus
615 940 721 1001 Ledae3
738 946 785 990 aut
795 955 856 990 cum
864 938 950 990 fraus
961 941 1066 993 sedere

379 1032 434 1067 non
443 1022 530 1083 potes.
550 1015 676 1077 Alternis,
687 1014 855 1075 Calliodorc,
868 1013 941 1064 sede.

613 1131 647 1170 aa.
672 1126 703 1169 ln
724 1126 861 1171 Carinum.

453 1221 598 1288 Supremas
607 1221 660 1271 tibi
669 1220 763 1271 tricies
772 1221 801 1271 in
812 1235 884 1272 anno

452 1297 573 1363 signanti
581 1295 698 1357 tabulas,
711 1295 819 1358 Carine,
832 1295 895 1345 misi

452 1370 587 1436 Hyblaeis
596 1369 722 1420 madidas
731 1367 833 1434 thymis
845 1369 1000 1434 placentas.

451 1443 561 1495 Deieoi:
576 1445 704 1495 miserere
712 1443 778 1506 iam,
788 1443 895 1494 Carine.

453 1519 537 1586 Signa
546 1519 644 1581 rarius,
659 1523 707 1568 ant
715 1519 798 1569 semel
808 1517 852 1568 lac
860 1517 940 1581 illud,

452 1595 581 1645 mentitur
590 1600 638 1644 tua
648 1593 721 1660 quod
731 1593 845 1643 subinde
852 1593 947 1643 tussis.

452 1669 568 1719 Excussi
577 1668 737 1735 loculosque
748 1667 947 1733 saeculumque.

453 1745 555 1795 Croeso
567 1744 679 1795 divitior
689 1744 755 1794 licet
763 1742 884 1804 fuissem,

453 1819 497 1870 lro
508 1820 655 1885 pauperior
663 1818 760 1880 forem,
772 1817 879 1879 Carine,

454 1895 478 1945 si
489 1891 608 1945 conchen
618 1894 702 1944 toties
710 1908 797 1943 meam
807 1906 953 1943 comesses.

575 2001 610 2039 40.
631 1996 663 2037 ln
682 1996 897 2038 Artemidorum.

342 2090 459 2141 Pinxisti
469 2088 614 2151 Venerem3
629 2089 708 2152 colis,
718 2090 897 2152 aucusitare,
911 2088 1084 2143 Minervams

380 2171 406 2215 ct
416 2164 525 2214 miraris
537 2178 604 2228 opus
615 2163 787 2230 displicuisse
797 2162 889 2214 tuum‘i

606 2271 640 2310 41.
664 2266 696 2310 In
715 2269 865 2321 Didymon.

416 2358 544 2425 Spadone
554 2377 615 2411 cum
624 2362 662 2412 sis
672 2363 803 2413 eviratior
813 2361 896 2424 lluxo,

416 2440 444 2485 et
454 2436 605 2487 concubino
616 2437 727 2488 mollior
737 2436 881 2500 Celaenae,

417 2525 495 2575 quem
507 2516 595 2561 sectus
605 2511 694 2561 ululat
703 2511 798 2561 matris
807 2509 921 2562 entheae
936 2509 1046 2575 Gallus,

417 2582 524 2634 theatra
533 2585 663 2650 loqueris,
675 2590 703 2636 et
711 2586 821 2652 gradus,
833 2591 860 2636 et
869 2586 967 2648 edicta,

366 2683 367 2687 =
414 2658 586 2724 trabeasque,
598 2664 625 2709 et
634 2658 706 2732 ldus,
718 2659 878 2727 fibulasque,
888 2675 1055 2727 censusque3

416 2738 444 2783 et
451 2734 592 2799 pumicata
600 2748 734 2800 pauperes
742 2750 825 2785 manu
833 2740 979 2785 monstras.

405 2807 513 2861 Sedere
522 2811 552 2862 iu
564 2811 693 2879 equitum
698 2810 789 2861 licem
797 2808 1036 2863 animiscamms,
1054 2808 1056 2812 “

398 2886 519 2955 videbo,
530 2887 680 2958 Didyme:
695 2902 758 2940 non
764 2884 838 2962 licet
843 2880 1024 2931 maritorum.
