2750 3450
429 349 750 398 Ermnammarom
775 351 844 398 ΜΒ.
868 350 922 397 vll.
1023 350 1073 403 173

510 484 546 524 ³8.
570 480 610 523 Ad
630 479 839 536 Polyphemum.

273 557 383 608 'l'antus
394 572 431 620 es,
443 562 470 608 et
479 557 544 608 talis
554 559 650 621 nostri,
662 554 839 624 Polypheme,
855 556 961 610 Severi:

313 637 345 682 ut
353 636 381 682 te
391 633 487 682 mirari
498 633 587 698 possit
597 633 692 698 etipse
702 632 831 698 Cyclops.

275 703 332 757 Sed
342 721 393 756 nec
402 705 497 772 Scylla
507 707 605 757 minor.
641 706 748 766 Quodsi
757 705 817 756 iera
825 713 948 759 monstra
958 708 1071 760 duorum

313 781 450 844 iunxeris,
465 781 578 832 alterius
588 781 636 831 fiet
644 786 758 847 uterque
766 782 858 832 timor.
891 804 894 811 ·

561 888 595 928 39.
622 886 661 927 De
681 883 787 927 Caelio.

368 977 517 1029 Discursus
527 979 630 1042 varios,
640 994 793 1046 vagumque
803 994 891 1044 mane,

369 1059 397 1104 ct
407 1052 503 1115 fastus,
519 1058 548 1103 et
558 1069 607 1103 ave
618 1055 812 1119 potentiorum,

370 1144 429 1179 cum
441 1126 559 1194 perferre
571 1129 682 1194 patique
696 1129 751 1178 iam
761 1135 881 1196 negaret,

370 1204 462 1269 coepit
476 1201 577 1269 fingere
589 1202 698 1253 Caelius
709 1203 868 1269 podagram.

372 1278 460 1338 Quam
471 1277 533 1328 dum
544 1278 602 1328 vult
615 1278 696 1328 nimis
707 1278 860 1344 approbare
870 1293 971 1343 veram,

370 1359 398 1404 et
407 1367 489 1402 sanas
499 1352 562 1402 linit
572 1353 731 1419 obligatque
741 1352 859 1418 plautas,

368 1427 525 1493 inseditque
540 1427 627 1493 gradu
637 1427 794 1490 laborios03

370 1503 520 1566 (Quantum
531 1518 596 1552 cura
606 1507 705 1568 potest,
720 1509 748 1552 et
758 1517 802 1552 ars
813 1501 919 1554 doloris
926 1500 945 1567 l)

370 1578 442 1628 desit
451 1578 552 1643 fingere
564 1576 673 1627 Caelius
687 1577 849 1644 podagram.

422 1703 456 1742 4⁰.
481 1698 668 1755 Epitaphium
688 1698 783 1753 patris
801 1697 925 1743 Etrusci.

265 1795 332 1847 llic
340 1796 416 1846 iacet
424 1794 472 1845 ille
483 1808 574 1856 senex,
590 1794 713 1859 Augusta
721 1796 803 1844 notus
813 1793 842 1842 iu
853 1793 926 1857 aula,

311 1875 426 1938 pectore
436 1884 491 1920 non
501 1867 597 1919 humili
608 1883 705 1935 passus
715 1872 858 1933 utrumque
869 1868 962 1931 deum3

264 1951 403 1998 natorum
414 1945 503 2012 pietas
513 1944 617 1994 sanetis
628 1957 707 2009 quem
718 1943 842 2009 coniugis
852 1943 955 1995 umbris

312 2021 432 2071 miscuit.
458 2019 583 2084 Elysium
598 2018 721 2083 possidet
731 2018 811 2068 ambo
822 2033 925 2069 nemus.

269 2095 388 2147 Occidit
397 2094 448 2145 illa
461 2094 538 2160 prior
547 2093 631 2144 viridi
639 2092 769 2144 fraudata
777 2094 901 2144 iuventa:

312 2168 360 2220 hic
373 2184 458 2236 prope
468 2174 511 2219 ter
520 2184 601 2220 senas
612 2169 682 2220 vidit
693 2169 881 2235 Olympiades.

269 2245 331 2298 Sed
342 2243 482 2295 festinatis
492 2250 599 2310 raptum
609 2245 661 2295 tibi
673 2244 790 2296 credidit
804 2245 891 2306 anuis,

314 2320 444 2386 adspexit
452 2319 582 2370 lacrimas
592 2321 725 2386 quisquis,
740 2319 867 2380 Etrusco,
881 2324 952 2369 toas.

446 2428 481 2467 41.
505 2424 545 2466 Ad
566 2424 759 2478 Sempronium
778 2419 905 2464 Tuccam.

273 2520 422 2573 Cosmicos
433 2533 494 2568 esse
503 2519 563 2580 tibi,
580 2515 724 2583 Semproni
735 2516 836 2577 Tucca,
847 2515 961 2567 videris:

313 2594 446 2655 cosmica,
458 2590 615 2659 Semproni,
630 2598 687 2641 tam
698 2589 780 2653 mala,
792 2605 872 2656 quam
882 2590 956 2642 bono
965 2597 1036 2643 sunt.

530 2701 565 2739 42.
590 2696 630 2738 Ad
652 2695 818 2738 (lustricam.

275 2793 440 2845 Muneribus
451 2791 544 2858 cupiat
557 2791 653 2858 siquis
668 2789 834 2843 contendere
841 2793 949 2852 tecum,

308 2864 468 2916 audoatdic
479 2866 570 2932 etiam,
586 2866 726 2938 castrice,
742 2867 936 2923 carruiuilsus-
