2750 3450
318 368 367 417 176
590 368 808 414 atnurlnms

318 511 378 545 cum
389 500 436 544 tua
446 499 488 543 tot
498 493 585 542 niveis
597 497 708 543 ornetur
720 493 783 558 ripa
792 490 943 558 ministris,

355 576 382 618 et
393 567 570 632 Ganymedeo
581 567 672 617 luceat
684 567 758 616 unda
769 564 869 618 charo:

318 644 383 709 quid
394 642 462 692 facit
471 643 580 692 Alcides
591 643 662 692 silva
672 646 796 692 sacratus
810 643 840 691 in
853 640 929 692 ista!

356 718 425 767 Tam
436 718 528 767 vicina
537 718 588 766 tihi
600 733 648 767 cur
657 722 731 766 tenet
741 721 820 766 antra
831 715 917 768 deust

319 792 457 858 Numquid
472 790 652 857 nympharum
663 798 745 842 notos
756 787 887 841 observat
899 806 1028 858 amores,

355 874 410 917 tam
421 867 500 916 multi
514 869 659 932 pariterue
669 866 813 932 rapiantur
823 865 937 932 Hylaei

585 975 619 1014 51.
640 970 679 1012 Ad
700 970 842 1012 Urbicum.

317 1047 437 1097 Mercari
449 1052 558 1098 nostras
569 1048 592 1098 si
603 1055 630 1098 te
642 1048 726 1114 piget,
735 1047 843 1109 Urbica
854 1063 959 1115 nugas,

355 1128 382 1172 et
394 1123 498 1173 lasciva
508 1128 599 1172 tamen
610 1123 732 1173 carmina
741 1137 823 1172 nosse
833 1121 918 1173 libet:

317 1197 478 1262 Pompeium
490 1212 605 1262 quaeras
621 1200 661 1260 (ct
670 1197 745 1248 nosti
754 1196 886 1261 forsitan)
902 1199 1037 1252 Auctum.

354 1272 458 1321 Ultoris
470 1272 558 1336 prima
568 1272 667 1323 Martis
680 1273 710 1322 in
721 1271 789 1322 aede
799 1271 886 1335 sedet,

319 1344 377 1396 iure
388 1345 509 1408 madens,
521 1349 654 1413 varioque
663 1352 746 1413 togae
756 1346 867 1398 limatus
878 1347 908 1397 iu
918 1364 985 1400 usn.

355 1419 417 1471 Non
427 1421 514 1471 lectur
524 1437 599 1472 mens
609 1421 662 1485 hic,
678 1421 786 1484 Urbice,
797 1421 846 1472 sed
855 1421 928 1473 liber
939 1430 994 1475 est.

318 1493 364 1545 Sic
374 1500 447 1545 tenet
458 1495 578 1547 absentis
588 1502 709 1560 nostros,
724 1501 871 1562 cantatque
880 1496 1009 1562 libellos,

354 1577 383 1619 ut
398 1575 493 1636 pereat
504 1569 604 1622 chartis
615 1572 697 1622 litera
706 1571 782 1622 nulla
791 1572 869 1622 meis.

317 1645 450 1711 Denique,
462 1646 487 1695 si
497 1646 587 1710 vellet,
602 1652 711 1713 poterat
721 1646 863 1712 scripsisse
873 1646 982 1710 videri3

354 1721 401 1771 sed
412 1720 502 1771 famae
513 1723 617 1773 mavult
625 1723 673 1773 ills
682 1720 775 1773 favere
785 1736 871 1771 meae.

319 1796 398 1846 Hunc
407 1796 473 1846 licet
483 1811 500 1845 a
510 1796 617 1847 decima
631 1801 693 1860 (uec
703 1798 774 1848 enim
785 1797 853 1847 satis
864 1802 928 1847 ante
939 1801 1072 1864 vacabitj·
1158 1830 1160 1835 ·

354 1871 503 1921 sollicites:
520 1874 610 1937 capiet
621 1872 737 1923 coenula
747 1886 832 1937 parva
842 1870 922 1921 duos.
1157 1872 1160 1879 '

316 1945 365 1995 llle
377 1946 457 2012 leget,
468 1946 531 1996 bibe
541 1953 583 1996 tu:
599 1947 672 1997 nolis
682 1947 755 2009 licet,
765 1946 814 1996 ille
824 1945 951 1996 sonabit:

354 2026 459 2083 etcum,
471 2020 528 2070 lam
539 2023 608 2072 satis
618 2027 667 2084 est,
678 2021 795 2083 dixeris;
814 2020 863 2071 ille
873 2020 957 2087 leget.

591 2147 625 2185 52.
649 2142 690 2184 Ad
710 2135 834 2185 anetum'.

318 2235 431 2286 Gratum
443 2242 492 2299 est,
499 2236 572 2302 quod
583 2234 672 2285 Celeri
681 2242 792 2287 nastros
803 2232 879 2302 legis,
889 2235 987 2301 Aucta,
998 2239 1109 2302 libellos,

354 2312 377 2361 si
387 2317 478 2362 tamen
489 2317 516 2361 et
527 2311 657 2373 Celerem,
668 2311 743 2376 quod
752 2311 830 2378 legis,
839 2310 933 2373 Aulete,
944 2312 1037 2365 iuvet.

316 2386 365 2436 lllc
376 2401 451 2436 meas
461 2392 563 2451 gentes,
573 2392 601 2436 et
611 2385 703 2435 Celtas
713 2388 785 2437 rexit
797 2384 901 2448 iberus,

354 2477 403 2511 uec
412 2460 465 2510 fuit
478 2461 507 2510 in
517 2467 612 2512 nostro
624 2462 725 2511 certior
735 2460 800 2511 orbe
811 2460 887 2510 fides.

317 2535 408 2586 Maior
417 2541 545 2586 metanto
558 2536 711 2586 reverentia
720 2536 826 2598 turbat3
842 2540 869 2585 et
883 2549 964 2586 aures

353 2627 407 2660 nun
420 2611 563 2673 auditoris,
577 2611 679 2661 iudicis
689 2625 749 2661 esse
759 2616 835 2677 puto.

590 2719 622 2756 5³.
648 2714 679 2756 ln
699 2714 836 2757 Umbrum.

307 2810 414 2864 Omnia
424 2812 530 2866 misisti
540 2808 614 2864 mini
623 2807 951 2868 §summanum

259 2923 314 3005 ι
336 2906 475 2959 munera,
489 2889 678 2947 enutrierant
686 2898 762 2953 uriae
768 2882 826 2933 tini
834 2880 955 2943 uanique
962 2876 1045 2924 nisu.
