2750 3450
352 370 402 424 ²52
642 370 853 419 hilarianis

444 495 504 546 lllic
515 492 624 560 Orphea
632 495 757 560 protinus
766 494 873 547 videbis

443 569 492 621 udi
500 571 601 620 vertice
610 569 743 621 lubricum
752 567 863 634 theatri,
949 632 951 637 Ι

444 645 626 710 mirantesque
635 643 718 708 ieras,
730 660 859 712 avemque
869 645 954 713 regii,

443 724 549 786 raptum
561 733 630 785 quae
640 717 750 786 Phryga
760 719 871 785 pertulit
880 720 1012 771 Tonanti.

443 793 505 844 lllic
513 808 599 861 parva
607 794 648 844 tui
658 794 754 844 (lomus
768 793 887 844 Pedonis

445 868 552 919 caelata
561 873 603 919 eet
612 868 721 934 aquilae
731 869 836 919 minore
845 882 944 933 penna.

445 940 499 994 Sed
510 958 543 994 nc
553 947 675 1009 tompore
685 958 740 993 nou
748 947 797 992 tuo
808 941 940 993 disertam

443 1016 535 1083 pulses
545 1016 622 1067 ebria
630 1017 749 1078 ianurun,
758 1015 860 1066 hldeto.

443 1092 532 1142 Toto·
543 1091 590 1140 dat
599 1091 711 1141 tetricae
720 1091 779 1141 dicu
789 1089 940 1154 Minervae,

443 1166 507 1216 (lum
518 1172 623 1215 centum
634 1166 725 1216 sordet
735 1165 846 1216 auribus
855 1166 987 1230 vironuu,

442 1239 504 1303 hoo,
515 1239 588 1306 quod
598 1239 691 1290 ceculo
700 1240 856 1307 posterique
865 1241 975 1305 possint

441 1315 552 1381 Arpinis
562 1326 670 1380 quoque
680 1328 840 1380 comparare
851 1311 963 1365 chartis.

443 1388 523 1441 Serus
533 1390 619 1440 tutior
628 1389 682 1440 ibis
692 1389 727 1439 ad
736 1388 870 1439 lucernae.

442 1463 520 1514 Haec
530 1461 599 1515 hora
610 1468 651 1514 est
659 1467 716 1526 tua,
728 1478 788 1513 cum
797 1461 863 1512 furit
873 1460 996 1527 Lyaeus,

443 1554 502 1589 cum
513 1543 609 1605 regnat
617 1553 691 1600 rosa,
703 1525 762 1588 cu'm
772 1535 882 1587 madent
894 1536 1004 1604 capilli:

441 1619 505 1664 tnnc
514 1628 557 1664 nie
566 1613 610 1665 vel
619 1612 704 1681 rigidi
713 1612 805 1680 legant
815 1609 943 1662 Catones.

624 1724 658 1762 2⁰.
682 1719 723 1761 Ar
742 1719 869 1761 Munium.

351 1802 436 1854 Ducit
446 1803 481 1853 ad
492 1802 624 1854 auriferae
635 1800 761 1868 quodne
772 1800 838 1853 Salo
850 1800 971 1853 Celtiber
980 1817 1057 1867 orm,

388 1877 506 1943 pendula
516 1877 588 1944 quod
599 1878 706 1943 patriae
715 1878 803 1928 viuere
812 1881 886 1927 tecto
895 1876 978 1940 libct;

350 1958 380 2002 tu
390 1950 465 2015 mihi,
475 1952 654 2017 simplicibus,
663 1952 749 2015 Mani,
760 1952 875 2003 dilectus
885 1952 919 2002 ab
929 1952 1021 2016 arnis,

388 2033 414 2077 et
424 2032 595 2091 praetextata
606 2028 694 2078 cultus
705 2028 835 2088 amicitia,

350 2107 380 2150 tu
390 2100 469 2163 iacis,
484 2102 603 2153 interris
614 2118 667 2169 quo
679 2117 734 2153 nou
744 2105 786 2151 est
796 2101 866 2151 alter
876 2100 963 2151 iberis

388 2175 504 2239 dulcior,
514 2180 542 2226 et
552 2192 615 2227 vero
627 2175 724 2243 dignus
736 2190 828 2226 amore
838 2174 936 2241 magis.

352 2250 453 2301 Tecum
465 2265 515 2317 ego
527 2248 569 2301 vel
580 2250 646 2301 sicci
658 2248 775 2301 Gaetula
785 2248 907 2316 mapalia
916 2245 1016 2313 Poeni,

388 2330 414 2375 et
423 2330 547 2390 poteram
557 2321 702 2391 Scythicas
711 2323 812 2391 hospes
827 2338 918 2374 amare
929 2333 1020 2374 casae.

352 2397 381 2449 Si
391 2400 442 2450 tibi
452 2415 527 2450 mens
538 2397 641 2462 eadem,
652 2398 677 2450 si
686 2400 775 2451 nostri
784 2404 878 2450 mutuo
889 2412 956 2449 cura
966 2401 1018 2461 cut,

386 2474 415 2523 in
426 2487 586 2541 quocunque
596 2475 659 2526 loco
669 2474 758 2526 Roma
766 2475 873 2526 duobus
883 2473 944 2524 erit.

624 2584 657 2622 Μ.
683 2580 723 2621 Aul
743 2580 866 2623 Sextum.

352 2654 476 2706 Scribere
485 2661 521 2719 te,
533 2669 603 2722 quac
611 2657 659 2707 vix
668 2656 805 2724 intelligat
814 2659 873 2723 ipio
882 2655 1030 2710 Modoutou

388 2734 415 2780 et
424 2730 470 2781 vix
481 2730 622 2795 Claranus,
634 2731 709 2798 quid,
719 2747 798 2799 rogo,
808 2732 897 2795 Sexto,
906 2729 1002 2782 iuvat!

335 2804 402 2857 Nou
412 2806 522 2863 lectore
531 2809 589 2863 tuin
602 2825 675 2880 opuu
685 2813 738 2874 eut,
747 2808 797 2861 uei
806 2806 1043 2874 humiliantibus«.

362 2882 464 2941 iudice
476 2894 507 2943 te
517 2890 615 2946 maior
626 2881 929 2943 Cinnublaronchit·
997 2927 1003 2940 .
