2750 3450
344 398 393 450 1⁰8
630 399 844 447 Msurrauls

345 523 448 589 Raptus
458 520 584 573 flumineo
594 525 668 572 venit
677 522 711 572 de
721 523 826 588 gurgite
839 523 940 589 piscis=
976 516 979 522 ’

381 598 444 648 vina
453 597 552 648 rubens
561 596 632 647 fudit
641 613 695 647 uon
705 598 848 662 peregrina
858 598 954 648 cadus.

344 671 402 723 Nec
411 676 487 722 tener
495 671 623 737 Argolica
632 672 730 721 missus
745 671 867 736 degente
876 672 1018 736 minister,

383 746 430 797 sed
440 746 515 796 stetit
523 745 619 795 inculti
628 745 732 795 rustica
741 745 821 795 turba
831 743 896 796 foci.

345 820 447 871 Villica
456 821 499 870 rel
510 820 568 870 duri
580 834 737 885 compressa
750 823 792 869 est
799 824 884 884 nupta
894 819 1003 884 coloni,

381 895 496 946 incaluit
506 894 612 960 quoties
622 894 716 944 saucia
725 908 794 944 vena
806 908 890 944 mero.

345 967 403 1020 Nec
412 970 505 1020 nocuit
513 969 593 1019 tectis
602 969 682 1035 ignis,
693 982 743 1018 nec
752 965 840 1017 Sirius
851 967 938 1034 agris:

382 1059 432 1095 nec
441 1058 530 1094 mersa
540 1048 582 1093 est
591 1043 698 1109 pelago,
708 1057 758 1092 nec
767 1040 827 1091 fluit
835 1041 892 1091 ulla
901 1041 983 1092 ratis.

346 1118 495 1185 Supposita
504 1123 545 1167 est
554 1117 655 1167 blando
665 1131 801 1181 nunquam
811 1116 863 1166 tibi
872 1121 980 1166 tessera
991 1115 1068 1167 tuo:

384 1193 445 1245 olea
455 1192 502 1242 sed
513 1206 610 1257 parcae
620 1180 765 1242 sola'fuere
774 1205 865 1240 nuces.

346 1268 400 1319 Dic
409 1267 456 1318 ubi
467 1267 503 1317 sit
513 1266 611 1328 decies,
626 1271 713 1315 mater
723 1264 796 1330 quod
806 1279 890 1315 avara
898 1261 1031 1329 reliquit!

383 1341 522 1407 Nusquam
532 1344 582 1390 est.
600 1339 703 1391 Fecisti
711 1354 776 1401 rem,
786 1337 864 1401 Line,
878 1336 1029 1388 difficilem.

599 1445 633 1486 tr.
655 1442 688 1486 In
705 1444 874 1486 Praetorem.

346 1522 503 1573 Praetorem
518 1536 621 1587 pauper
631 1525 735 1571 centum
746 1519 871 1570 sestertia
882 1515 992 1569 Gaurus

385 1596 489 1657 orabat,
504 1611 571 1646 cana
580 1601 660 1646 notus
671 1594 807 1644 amicitia:

347 1671 506 1736 dicebatque
517 1671 573 1720 suis
583 1667 650 1720 haec
659 1675 763 1719 tantum
775 1668 868 1718 deesse
876 1667 1018 1732 trecentis,

384 1752 415 1796 ut
423 1750 517 1813 posset
526 1746 637 1797 domino
648 1744 777 1811 plaudere
786 1744 874 1792 iustus
884 1756 975 1807 eques.

347 1820 462 1871 Praetor
472 1821 523 1869 uit:
546 1818 605 1870 Scis
614 1834 657 1870 me
668 1817 773 1884 Scorpo
785 1815 939 1881 Thalloque
949 1816 1093 1881 daturum

384 1901 464 1960 atquo
474 1894 576 1943 utinam
587 1899 691 1945 centurn
702 1892 790 1943 millia
799 1892 860 1942 sola
870 1890 972 1941 darom.

347 1967 387 2019 Ah
397 1968 481 2035 pudet
489 1968 621 2033 ingratae,
632 1967 715 2033 pudet
725 1964 759 2017 ah
769 1966 840 2017 male
850 1966 942 2016 divitis
953 1980 1045 2017 arcae.

386 2041 466 2103 Quod
476 2057 530 2091 nou
540 2042 581 2093 ris
591 2042 685 2107 equiti,
695 2042 737 2092 vis
748 2041 821 2103 dare,
831 2038 955 2103 Praetor,
965 2037 1057 2107 equoi

619 2130 652 2171 ⁶8.
676 2128 716 2169 Ad
735 2126 858 2170 Sextum.

348 2205 450 2257 inritas
460 2209 565 2255 centum
577 2204 780 2270 quadrantibus,
791 2209 819 2255 et
827 2204 895 2254 bene
906 2217 1017 2254 coenas.

385 2280 421 2330 Ut
430 2295 539 2331 coenem
550 2280 659 2342 invitor,
671 2278 760 2342 Sexte,
772 2294 806 2329 an
815 2284 846 2329 ut
854 2276 1008 2328 invideam}

615 2369 649 2409 ao.
672 2367 712 2407 aa
731 2362 868 2420 rapum.

351 2444 393 2494 Tu
403 2441 497 2494 Setina
507 2443 615 2509 quidem
625 2458 738 2509 semper,
749 2441 792 2492 vel
801 2440 923 2491 Massica
932 2440 1036 2507 ponis,

386 2517 494 2585 Pupile=
510 2517 557 2568 sed
567 2532 659 2569 rumor
667 2523 723 2567 tam
733 2517 807 2567 bona
816 2516 880 2566 vina
888 2518 979 2581 negat.

350 2592 457 2643 Diceris
467 2590 519 2643 hac
528 2591 616 2644 factus
627 2592 736 2643 coelebs
746 2596 841 2657 quater
850 2604 910 2641 esse
918 2589 1029 2657 lagena.

386 2664 411 2717 N
413 2682 444 2716 ee
452 2672 527 2732 puto,
537 2683 587 2719 nec
596 2667 687 2729 credo,
697 2663 802 2732 Papile,
813 2679 864 2716 nec
872 2664 947 2715 sitio.

487 2756 520 2795 w.
545 2755 584 2796 uo
603 2754 744 2797 Ammiano
763 2752 798 2794 ad
811 2748 1002 2792 uersurum.

425 2828 507 2883 Niiu‘i
516 2831 679 2898 Ammiano,
688 2835 804 2901 praeter
814 2824 1037 2905 aridamrestem

413 2908 551 2963 monens
562 2910 687 2979 reliquit
696 2905 813 2959 rdtimis
821 2904 906 2968 pater
916 2904 1003 2943 uem·

259 2955 431 3037 ,fl
