2750 3450
347 362 364 380 ··
436 339 750 401 Epidamnium
779 349 848 395 bin.
874 351 929 397 vii.
1031 349 1080 403 163

446 483 470 523 d.
489 478 530 528 Ad
551 478 698 529 Caesarem
717 479 914 527 Domitianum·

281 554 315 608 Si
327 555 507 618 desiderium,
522 554 636 618 Caesar,
651 555 800 622 {tepidique
808 563 971 625 pemque

321 631 447 697 respicis,
462 636 490 681 et
499 629 598 680 Latiae
608 630 710 696 gaudia
719 647 785 681 vera
793 637 888 698 togae,

281 705 368 757 redde
379 705 458 756 deum
467 706 541 756 votis
555 705 742 771 poscentibus:
756 707 861 757 invidet
869 705 943 758 boeti

321 779 411 831 Roma
420 796 484 844 ouo,
499 780 592 831 veniat
601 779 792 831 laureamulta
801 783 874 832 licet.

283 855 432 906 Terrarum
443 855 581 907 dominum
592 855 706 920 propium
717 855 790 906 videt
798 856 855 920 ille,
868 863 970 924 tuoque

321 935 439 981 terretur
448 930 526 981 vultu
534 929 677 993 barbarus,
693 935 720 980 et
729 929 837 982 fruitur.

434 1036 453 1077 8.
478 1035 518 1076 De
535 1034 611 1076 fana
630 1035 743 1077 reditur
764 1036 931 1078 Domitiani.

284 1111 392 1177 Ecquid
402 1110 590 1177 Hyperboreis
601 1111 635 1162 ad
649 1127 701 1163 nos
712 1128 858 1164 conversus
869 1113 903 1163 ab
915 1114 971 1165 orie

321 1186 458 1237 Ausonias
470 1185 571 1236 Caesar
580 1186 635 1237 iarn
646 1192 727 1252 parat
735 1187 778 1243 ire
786 1186 862 1238 vias?

284 1259 382 1311 Certus
392 1261 470 1311 abest
480 1266 584 1324 auctor,
599 1261 647 1312 sed
657 1277 713 1312 vox
722 1260 775 1321 hoc
786 1263 894 1312 nuntiat
904 1263 1000 1314 omnis.

322 1334 411 1388 Credo
421 1335 488 1398 tibi3
503 1351 594 1387 verum
607 1336 706 1400 dicere,
718 1337 817 1400 Fama,
833 1337 915 1387 soles.

284 1409 400 1465 Publica
409 1411 535 1462 uictrices
549 1417 684 1462 testantur
697 1412 800 1478 gaudia
810 1410 933 1463 chartae:

321 1484 425 1537 Martie
433 1485 572 1552 laurigera
584 1486 696 1552 cuspide
707 1487 764 1552 pila
773 1484 869 1539 virent.

283 1558 401 1624 Rursus,
415 1561 455 1623 io,
468 1575 582 1626 magnos
594 1560 756 1611 clomattibi
765 1559 1025 1627 Romatriunrphos,

320 1635 493 1700 invictusque
503 1640 560 1697 tua,
572 1634 685 1698 Caesar,
699 1636 729 1685 in
738 1635 805 1686 urbe
815 1642 906 1687 donae.

284 1708 339 1762 Sed
349 1711 404 1761 iam
416 1709 539 1760 laetitiae
550 1725 603 1776 quo
613 1710 651 1761 nit
664 1709 767 1764 fiducia
776 1711 875 1773 mdes,

320 1784 491 1838 Sarmaticae
501 1785 595 1840 launue
605 1785 715 1842 nuntius
724 1786 784 1851 ipae
794 1786 865 1839 veni·

449 1875 470 1914 1.
490 1872 529 1913 Ad
544 1871 697 1916 Caeretem
719 1873 915 1916 Domitianum.

280 1949 409 2000 Hiberna
419 1949 542 2015 quamvis
552 1949 663 2011 Arctoe,
678 1954 706 2000 et
715 1949 791 1999 rudis
800 1948 899 2012 Peuce,

281 2030 310 2076 et
319 2023 482 2090 ungularum
496 2024 620 2089 pulsibus
630 2023 723 2074 caleno
734 2024 811 2087 lster,

280 2099 441 2164 fractusque
453 2099 603 2149 cornuiom
611 2104 654 2149 ter
668 2099 796 2165 improbo
804 2096 926 2161 Rhenus,

277 2177 378 2224 teneat
388 2173 542 2224 domantem
552 2174 768 2241 regnaoeriidae
777 2175 866 2241 gentis

278 2254 308 2299 te
320 2263 423 2298 summe
434 2248 529 2298 mundi
537 2255 629 2300 nector
643 2255 670 2300 et
679 2265 778 2316 parens
790 2250 874 2313 orbis,

280 2323 381 2373 abesse
391 2324 494 2374 nostris
503 2338 558 2373 non
568 2328 660 2375 temen
675 2332 754 2390 potes
764 2326 846 2375 votis.

277 2398 344 2449 Illic
354 2401 382 2447 et
393 2398 480 2449 oculis
490 2403 518 2449 et
531 2399 629 2450 animis
640 2416 745 2462 sumno,
760 2399 876 2450 Caesar:

279 2472 409 2539 adeoque
420 2478 524 2524 mentes
536 2476 654 2525 omnium
665 2479 742 2532 tenes
752 2490 831 2537 unus,

276 2553 312 2599 ut
320 2548 575 2615 ipsa-magniurnbe
588 2549 787 2612 nesciat-Circi,

277 2628 407 2675 utrumne
419 2628 510 2674 currat
519 2622 695 2686 Passerinus,
710 2639 744 2678 an
755 2622 857 2689 Tigris.

489 2715 510 2753 8.
534 2710 574 2753 De
594 2711 688 2753 reditu
710 2710 873 2753 Domitiani.

280 2787 362 2842 Nunc
371 2785 482 2851 hilares,
493 2788 517 2839 ei
529 2788 638 2854 quando
649 2786 730 2855 nihi,
744 2783 1058 2852 nmetnuitedeunae.

318 2865 406 2912 victor
418 2863 453 2913 ab
466 2861 587 2931 Odrysio
595 2864 728 2926 redditur
739 2868 810 2924 orbe
823 2867 907 2923 deun.

847 2967 871 3013 h
882 2968 904 3012 '2
